https://flamingtempura.github.io/bibtex-tidy/

@InProceedings{C:Pedersen91,
  author =       "Torben P. Pedersen",
  title =        "Non-Interactive and Information-Theoretic Secure Verifiable Secret Sharing",
  pages =        "129--140",
  editor =       crypto91ed,
  booktitle =    crypto91name,
  volume =       crypto91vol,
  address =      cryptoaddr,
  month =        crypto91month,
  publisher =    cryptopub,
  series =       mylncs,
  year =         1992,
  doi =          "10.1007/3-540-46766-1_9",
}

@InProceedings{RSA:PoiSan16,
  author =       "David Pointcheval and
                  Olivier Sanders",
  title =        "Short Randomizable Signatures",
  pages =        "111--126",
  editor =       rsa16ed,
  booktitle =    rsa16name,
  volume =       rsa16vol,
  address =      rsa16addr,
  month =        rsa16month,
  publisher =    rsapub,
  series =       mylncs,
  year =         2016,
  doi =          "10.1007/978-3-319-29485-8_7",
}

@InProceedings{RSA:PoiSan18,
  author =       "David Pointcheval and
                  Olivier Sanders",
  title =        "Reassessing Security of Randomizable Signatures",
  pages =        "319--338",
  editor =       rsa18ed,
  booktitle =    rsa18name,
  volume =       rsa18vol,
  address =      rsa18addr,
  month =        rsa18month,
  publisher =    rsapub,
  series =       mylncs,
  year =         2018,
  doi =          "10.1007/978-3-319-76953-0_17",
}

@article{Shamir79,
  title        = {How to Share a Secret},
  author       = {Adi Shamir},
  year         = 1979,
  month        = nov,
  journal      = cacm,
  volume       = 22,
  number       = 11,
  pages        = {612--613}
}

@TECHREPORT{CamenischStadler97,
    author = {Jan Camenisch and Markus Stadler},
    title = {Proof Systems for General Statements about Discrete Logarithms},
    year = {1997}
}

@InProceedings{AC:CamChaShe08,
  author =       "Jan Camenisch and
                  Rafik Chaabouni and
                  {abhi} {shelat}",
  title =        "Efficient Protocols for Set Membership and Range Proofs",
  pages =        "234--252",
  editor =       asiacrypt08ed,
  booktitle =    asiacrypt08name,
  volume =       asiacrypt08vol,
  address =      asiacrypt08addr,
  month =        asiacrypt08month,
  publisher =    asiacryptpub,
  series =       mylncs,
  year =         2008,
  doi =          "10.1007/978-3-540-89255-7_15",
}

@Article{JC:FucHanSla19,
  author =       "Georg Fuchsbauer and
                  Christian Hanser and
                  Daniel Slamanig",
  title =        "Structure-Preserving Signatures on Equivalence Classes and Constant-Size Anonymous Credentials",
  pages =        "498--546",
  volume =       32,
  month =        apr,
  publisher =    springer,
  year =         2019,
  journal =      jcrypto,
  number =       2,
  doi =          "10.1007/s00145-018-9281-4",
}


@InProceedings{C:CraDamSch94,
  author =       "Ronald Cramer and
                  Ivan Damg{\aa}rd and
                  Berry Schoenmakers",
  title =        "Proofs of Partial Knowledge and Simplified Design of Witness Hiding Protocols",
  pages =        "174--187",
  editor =       crypto94ed,
  booktitle =    crypto94name,
  volume =       crypto94vol,
  address =      cryptoaddr,
  month =        crypto94month,
  publisher =    cryptopub,
  series =       mylncs,
  year =         1994,
  doi =          "10.1007/3-540-48658-5_19",
}

@InProceedings{EC:Damgard00,
  author =       "Ivan Damg{\aa}rd",
  title =        "Efficient Concurrent Zero-Knowledge in the Auxiliary String Model",
  pages =        "418--430",
  editor =       eurocrypt00ed,
  booktitle =    eurocrypt00name,
  volume =       eurocrypt00vol,
  address =      eurocrypt00addr,
  month =        eurocrypt00month,
  publisher =    eurocryptpub,
  series =       mylncs,
  year =         2000,
  doi =          "10.1007/3-540-45539-6_30",
}

@InProceedings{C:FiaSha86,
  author =       "Amos Fiat and
                  Adi Shamir",
  title =        "How to Prove Yourself: {Practical} Solutions to Identification and Signature Problems",
  pages =        "186--194",
  editor =       crypto86ed,
  booktitle =    crypto86name,
  volume =       crypto86vol,
  address =      cryptoaddr,
  month =        crypto86month,
  publisher =    cryptopub,
  series =       mylncs,
  year =         1987,
  doi =          "10.1007/3-540-47721-7_12",
}

@InProceedings{EC:Paillier99,
  author =       "Pascal Paillier",
  title =        "Public-Key Cryptosystems Based on Composite Degree Residuosity Classes",
  pages =        "223--238",
  editor =       eurocrypt99ed,
  booktitle =    eurocrypt99name,
  volume =       eurocrypt99vol,
  address =      eurocrypt99addr,
  month =        eurocrypt99month,
  publisher =    eurocryptpub,
  series =       mylncs,
  year =         1999,
  doi =          "10.1007/3-540-48910-X_16",
}

@InProceedings{CCS:BBDE19,
  author =       "Johannes Bl{\"o}mer and
                  Jan Bobolz and
                  Denis Diemert and
                  Fabian Eidens",
  title =        "Updatable Anonymous Credentials and Applications to Incentive Systems",
  pages =        "1671--1685",
  editor =       ccs19ed,
  booktitle =    ccs19name,
  address =      ccs19addr,
  month =        ccs19month,
  publisher =    ccspub,
  year =         2019,
  doi =          "10.1145/3319535.3354223",
}

@Misc{EPRINT:BBDE19,
  author =       "Johannes Bl{\"o}mer and
                  Jan Bobolz and
                  Denis Diemert and
                  Fabian Eidens",
  title =        "Updatable Anonymous Credentials and Applications to Incentive Systems",
  year =         2019,
  howpublished = "Cryptology ePrint Archive, Report 2019/169",
  note =         "\url{https://eprint.iacr.org/2019/169}",
}

@Misc{EPRINT:MajPraRos08a,
  author =       "Hemanta Maji and
                  Manoj Prabhakaran and
                  Mike Rosulek",
  title =        "Attribute-Based Signatures: Achieving Attribute-Privacy and Collusion-Resistance",
  year =         2008,
  howpublished = "Cryptology ePrint Archive, Report 2008/328",
  note =         "\url{https://eprint.iacr.org/2008/328}",
}


@Misc{EPRINT:MajPraRos10b,
  author =       "Hemanta K. Maji and
                  Manoj Prabhakaran and
                  Mike Rosulek",
  title =        "Attribute-Based Signatures",
  year =         2010,
  howpublished = "Cryptology ePrint Archive, Report 2010/595",
  note =         "\url{https://eprint.iacr.org/2010/595}",
}


@InProceedings{RSA:MajPraRos11,
  author =       "Hemanta K. Maji and
                  Manoj Prabhakaran and
                  Mike Rosulek",
  title =        "Attribute-Based Signatures",
  pages =        "376--392",
  editor =       rsa11ed,
  booktitle =    rsa11name,
  volume =       rsa11vol,
  address =      rsa11addr,
  month =        rsa11month,
  publisher =    rsapub,
  series =       mylncs,
  year =         2011,
  doi =          "10.1007/978-3-642-19074-2_24",
}



@InProceedings{AFRICACRYPT:EscHerMor11,
  author =       "Alex Escala and
                  Javier Herranz and
                  Paz Morillo",
  title =        "Revocable Attribute-Based Signatures with Adaptive Security in the Standard Model",
  pages =        "224--241",
  editor =       africacrypt11ed,
  booktitle =    africacrypt11name,
  volume =       africacrypt11vol,
  address =      africacrypt11addr,
  month =        africacrypt11month,
  publisher =    africacryptpub,
  series =       mylncs,
  year =         2011,
}

@article{DBLP:journals/aaecc/Herranz16,
  author    = {Javier Herranz},
  title     = {Attribute-based versions of Schnorr and ElGamal},
  journal   = {Appl. Algebra Eng. Commun. Comput.},
  volume    = {27},
  number    = {1},
  pages     = {17--57},
  year      = {2016},
  doi       = {10.1007/s00200-015-0270-7},
  timestamp = {Mon, 05 Jun 2017 12:37:41 +0200},
}


@InProceedings{AC:CDHK15,
  author =       "Jan Camenisch and
                  Maria Dubovitskaya and
                  Kristiyan Haralambiev and
                  Markulf Kohlweiss",
  title =        "Composable and Modular Anonymous Credentials: Definitions and Practical Constructions",
  pages =        "262--288",
  editor =       asiacrypt15ed,
  booktitle =    asiacrypt15name2,
  volume =       asiacrypt15vol2,
  address =      asiacrypt15addr,
  month =        asiacrypt15month,
  publisher =    asiacryptpub,
  series =       mylncs,
  year =         2015,
  doi =          "10.1007/978-3-662-48800-3_11",
}


@Misc{EPRINT:ACHM05,
  author =       "Giuseppe Ateniese and
                  Jan Camenisch and
                  Susan Hohenberger and
                  Breno de Medeiros",
  title =        "Practical Group Signatures without Random Oracles",
  year =         2005,
  howpublished = "Cryptology ePrint Archive, Report 2005/385",
  note =         "\url{https://eprint.iacr.org/2005/385}",
}


@Article{GolMicRiv88,
  author =       "Shafi Goldwasser and
                  Silvio Micali and
                  Ronald L. Rivest",
  title =        "A Digital Signature Scheme Secure Against Adaptive Chosen-message Attacks",
  journal =      siamjc,
  month =        apr,
  year =         1988,
  pages =        "281--308",
  volume =       17,
  number =       2,
}


@Misc{EPRINT:Canetti03,
  author =       "Ran Canetti",
  title =        "Universally Composable Signatures, Certification and Authentication",
  year =         2003,
  howpublished = "Cryptology ePrint Archive, Report 2003/239",
  note =         "\url{https://eprint.iacr.org/2003/239}",
}


@Misc{EPRINT:Canetti00,
  author =       "Ran Canetti",
  title =        "Universally Composable Security: A New Paradigm for Cryptographic Protocols",
  year =         2020,
  howpublished = "Cryptology ePrint Archive, Report 2000/067",
  note =         "Version 11th Feb. 2020, \url{https://eprint.iacr.org/2000/067}",
}


@InProceedings{FOCS:Canetti01,
  author =       "Ran Canetti",
  title =        "Universally Composable Security: A New Paradigm for Cryptographic Protocols",
  pages =        "136--145",
  editor =       focs01ed,
  booktitle =    focs01name,
  address =      focs01addr,
  month =        focs01month,
  publisher =    focspub,
  year =         2001,
  doi =          "10.1109/SFCS.2001.959888",
}


@InProceedings{PKC:SakAttHan16,
  author =       "Yusuke Sakai and
                  Nuttapong Attrapadung and
                  Goichiro Hanaoka",
  title =        {At\-tribute-Based Signatures for Circuits from Bilinear Map},
  pages =        "283--300",
  editor =       pkc16ed,
  booktitle =    pkc16name1,
  volume =       pkc16vol1,
  address =      pkc16addr,
  month =        pkc16month,
  publisher =    pkcpub,
  series =       mylncs,
  year =         2016,
  doi =          "10.1007/978-3-662-49384-7_11",
}

@inproceedings{DBLP:conf/intrust/UrquidiKLC15,
  author    = {Miguel Urquidi and
               Dalia Khader and
               Jean Lancrenon and
               Liqun Chen},
  editor    = {Moti Yung and
               Jian{-}biao Zhang and
               Zhen Yang},
  title     = {At\-tribute-Based Signatures with Controllable Linkability},
  booktitle = {Trusted Systems - 7th International Conference, {INTRUST} 2015, Beijing,
               China, December 7-8, 2015, Revised Selected Papers},
  series    = {Lecture Notes in Computer Science},
  volume    = {9565},
  pages     = {114--129},
  publisher = {Springer},
  year      = {2015},
  doi       = {10.1007/978-3-319-31550-8\_8},
  timestamp = {Tue, 14 May 2019 10:00:52 +0200}
}


@article{DBLP:journals/tcc/OkamotoT14,
  author    = {Tatsuaki Okamoto and
               Katsuyuki Takashima},
  title     = {Efficient Attribute-Based Signatures for Non-Monotone Predicates in the Standard Model},
  journal   = {{IEEE} Trans. Cloud Comput.},
  volume    = {2},
  number    = {4},
  pages     = {409--421},
  year      = {2014},
  doi       = {10.1109/TCC.2014.2353053},
  timestamp = {Sun, 21 Jun 2020 17:41:44 +0200}
}

@InProceedings{PKC:OkaTak11,
  author =       "Tatsuaki Okamoto and
                  Katsuyuki Takashima",
  title =        "Efficient Attribute-Based Signatures for Non-monotone Predicates in the Standard Model",
  pages =        "35--52",
  editor =       pkc11ed,
  booktitle =    pkc11name,
  volume =       pkc11vol,
  address =      pkc11addr,
  month =        pkc11month,
  publisher =    pkcpub,
  series =       mylncs,
  year =         2011,
  doi =          "10.1007/978-3-642-19379-8_3",
}


@article{DBLP:journals/ijact/AbeO12,
  author    = {Masayuki Abe and
               Miyako Ohkubo},
  title     = {A framework for universally composable non-committing blind signatures},
  journal   = {Int. J. Appl. Cryptogr.},
  volume    = {2},
  number    = {3},
  pages     = {229--249},
  year      = {2012},
  doi       = {10.1504/IJACT.2012.045581},
  timestamp = {Fri, 07 Aug 2020 17:14:33 +0200}
}

@InProceedings{AC:AbeOhk09,
  author =       "Masayuki Abe and
                  Miyako Ohkubo",
  title =        "A Framework for Universally Composable Non-committing Blind Signatures",
  pages =        "435--450",
  editor =       asiacrypt09ed,
  booktitle =    asiacrypt09name,
  volume =       asiacrypt09vol,
  address =      asiacrypt09addr,
  month =        asiacrypt09month,
  publisher =    asiacryptpub,
  series =       mylncs,
  year =         2009,
  doi =          "10.1007/978-3-642-10366-7_26",
}

@Misc{EPRINT:Buastekmo06,
  author =       "Aslak Bakke Buan and
                  Kristian Gj\o steen and
                  Lillian Kr\aa kmo",
  title =        "Universally Composable Blind Signatures in the Plain Model",
  year =         2006,
  howpublished = "Cryptology ePrint Archive, Report 2006/405",
  note =         "\url{https://eprint.iacr.org/2006/405}",
}


@InProceedings{EC:Lindell11,
  author =       "Yehuda Lindell",
  title =        "Highly-Efficient Universally-Composable Commitments Based on the {DDH} Assumption",
  pages =        "446--466",
  editor =       eurocrypt11ed,
  booktitle =    eurocrypt11name,
  volume =       eurocrypt11vol,
  address =      eurocrypt11addr,
  month =        eurocrypt11month,
  publisher =    eurocryptpub,
  series =       mylncs,
  year =         2011,
  doi =          "10.1007/978-3-642-20465-4_25",
}


@InProceedings{PKC:BelFuc14,
  author =       "Mihir Bellare and
                  Georg Fuchsbauer",
  title =        "Policy-Based Signatures",
  pages =        "520--537",
  editor =       pkc14ed,
  booktitle =    pkc14name,
  volume =       pkc14vol,
  address =      pkc14addr,
  month =        pkc14month,
  publisher =    pkcpub,
  series =       mylncs,
  year =         2014,
  doi =          "10.1007/978-3-642-54631-0_30",
}


@Misc{EPRINT:AnaAriSak16,
  author =       "Hiroaki Anada and
                  Seiko Arita and
                  Kouichi Sakurai",
  title =        "Proofs of Knowledge on Monotone Predicates and its Application to Attribute-Based Identifications and Signatures",
  year =         2016,
  howpublished = "Cryptology ePrint Archive, Report 2016/483",
  note =         "\url{https://eprint.iacr.org/2016/483}",
}


@Misc{EPRINT:AnaAriSak14,
  author =       "Hiroaki Anada and
                  Seiko Arita and
                  Kouichi Sakurai",
  title =        "Attribute-Based Signatures without Pairings by the {Fiat}-{Shamir} Transformation",
  year =         2014,
  howpublished = "Cryptology ePrint Archive, Report 2014/567",
  note =         "\url{https://eprint.iacr.org/2014/567}",
}


@InProceedings{TCC:Tsabary17,
  author =       "Rotem Tsabary",
  title =        "An Equivalence Between Attribute-Based Signatures and Homomorphic Signatures, and New Constructions for Both",
  pages =        "489--518",
  editor =       tcc17ed,
  booktitle =    tcc17name2,
  volume =       tcc17vol2,
  address =      tcc17addr,
  month =        tcc17month,
  publisher =    tccpub,
  series =       mylncs,
  year =         2017,
  doi =          "10.1007/978-3-319-70503-3_16",
}


@InProceedings{AC:CEKKR16,
  author =       "Jan Camenisch and
                  Robert R. Enderlein and
                  Stephan Krenn and
                  Ralf K{\"u}sters and
                  Daniel Rausch",
  title =        "Universal Composition with Responsive Environments",
  pages =        "807--840",
  editor =       asiacrypt16ed,
  booktitle =    asiacrypt16name2,
  volume =       asiacrypt16vol2,
  address =      asiacrypt16addr,
  month =        asiacrypt16month,
  publisher =    asiacryptpub,
  series =       mylncs,
  year =         2016,
  doi =          "10.1007/978-3-662-53890-6_27",
}

@Article{JC:BonLynSha04,
  author =       "Dan Boneh and
                  Ben Lynn and
                  Hovav Shacham",
  title =        "Short Signatures from the {Weil} Pairing",
  pages =        "297--319",
  volume =       17,
  month =        sep,
  publisher =    springer,
  year =         2004,
  journal =      jcrypto,
  number =       4,
  doi =          "10.1007/s00145-004-0314-9",
}

@InProceedings{CSF:CKLM14,
  author =       "Melissa Chase and
                  Markulf Kohlweiss and
                  Anna Lysyanskaya and
                  Sarah Meiklejohn",
  title =        "Malleable Signatures: New Definitions and Delegatable Anonymous Credentials",
  pages =        "199--213",
  editor =       csf14ed,
  booktitle =    csf14name,
  address =      csf14addr,
  month =        csf14month,
  publisher =    csfpub,
  year =         2014,
  doi =          "10.1109/CSF.2014.22",
}

@InProceedings{STOC:FeiSha90,
  author =       "Uriel Feige and
                  Adi Shamir",
  title =        "Witness Indistinguishable and Witness Hiding Protocols",
  pages =        "416--426",
  editor =       stoc90ed,
  booktitle =    stoc90name,
  address =      stoc90addr,
  month =        stoc90month,
  publisher =    stocpub,
  year =         1990,
  doi =          "10.1145/100216.100272",
}

@InProceedings{C:GroMal17,
  author =       "Jens Groth and
                  Mary Maller",
  title =        "Snarky Signatures: Minimal Signatures of Knowledge from Simulation-Extractable {SNARKs}",
  pages =        "581--612",
  editor =       crypto17ed,
  booktitle =    crypto17name2,
  volume =       crypto17vol2,
  address =      cryptoaddr,
  month =        crypto17month,
  publisher =    cryptopub,
  series =       mylncs,
  year =         2017,
  doi =          "10.1007/978-3-319-63715-0_20",
}

@Misc{EPRINT:AbeHarOhk10,
  author =       "Masayuki Abe and
                  Kristiyan Haralambiev and
                  Miyako Ohkubo",
  title =        "Signing on Elements in Bilinear Groups for Modular Protocol Design",
  year =         2010,
  howpublished = "Cryptology ePrint Archive, Report 2010/133",
  note =         "\url{https://eprint.iacr.org/2010/133}",
}

@InProceedings{C:AFGHO10,
  author =       "Masayuki Abe and
                  Georg Fuchsbauer and
                  Jens Groth and
                  Kristiyan Haralambiev and
                  Miyako Ohkubo",
  title =        "Structure-Preserving Signatures and Commitments to Group Elements",
  pages =        "209--236",
  editor =       crypto10ed,
  booktitle =    crypto10name,
  volume =       crypto10vol,
  address =      cryptoaddr,
  month =        crypto10month,
  publisher =    cryptopub,
  series =       mylncs,
  year =         2010,
  doi =          "10.1007/978-3-642-14623-7_12",
}

@Misc{EPRINT:CKLM13,
  author =       "Melissa Chase and
                  Markulf Kohlweiss and
                  Anna Lysyanskaya and
                  Sarah Meiklejohn",
  title =        "Malleable Signatures: Complex Unary Transformations and Delegatable Anonymous Credentials",
  year =         2013,
  howpublished = "Cryptology ePrint Archive, Report 2013/179",
  note =         "\url{https://eprint.iacr.org/2013/179}",
}

@InProceedings{RSA:HLLR12,
  author =       "Javier Herranz and
                  Fabien Laguillaumie and
                  Beno{\^i}t Libert and
                  Carla R{\`a}fols",
  title =        "Short Attribute-Based Signatures for Threshold Predicates",
  pages =        "51--67",
  editor =       rsa12ed,
  booktitle =    rsa12name,
  volume =       rsa12vol,
  address =      rsa12addr,
  month =        rsa12month,
  publisher =    rsapub,
  series =       mylncs,
  year =         2012,
  doi =          "10.1007/978-3-642-27954-6_4",
}

@InProceedings{PKC:OkaTak13,
  author =       "Tatsuaki Okamoto and
                  Katsuyuki Takashima",
  title =        "Decentralized Attribute-Based Signatures",
  pages =        "125--142",
  editor =       pkc13ed,
  booktitle =    pkc13name,
  volume =       pkc13vol,
  address =      pkc13addr,
  month =        pkc13month,
  publisher =    pkcpub,
  series =       mylncs,
  year =         2013,
  doi =          "10.1007/978-3-642-36362-7_9",
}

@misc{libsnark,
 title = {libsnark: a {C++} library for {zk-SNARK} proofs},
 year = {2020},
 author = {{SCIPR Lab}},
 url = {https://github.com/scipr-lab/libsnark},
 urldate = {2022-04-04}
}

@InProceedings{STOC:GenWic11,
  author =       "Craig Gentry and
                  Daniel Wichs",
  title =        "Separating succinct non-interactive arguments from all falsifiable assumptions",
  pages =        "99--108",
  editor =       stoc11ed,
  booktitle =    stoc11name,
  address =      stoc11addr,
  month =        stoc11month,
  publisher =    stocpub,
  year =         2011,
  doi =          "10.1145/1993636.1993651",
}

@InProceedings{ITCS:BCCT12,
  author =       "Nir Bitansky and
                  Ran Canetti and
                  Alessandro Chiesa and
                  Eran Tromer",
  title =        "From extractable collision resistance to succinct non-interactive arguments of knowledge, and back again",
  pages =        "326--349",
  editor =       itcs12ed,
  booktitle =    itcs12name,
  address =      itcs12addr,
  month =        itcs12month,
  publisher =    itcspub_v2,
  year =         2012,
  doi =          "10.1145/2090236.2090263",
}

@InProceedings{EC:GroSah08,
  author =       "Jens Groth and
                  Amit Sahai",
  title =        "Efficient Non-interactive Proof Systems for Bilinear Groups",
  pages =        "415--432",
  editor =       eurocrypt08ed,
  booktitle =    eurocrypt08name,
  volume =       eurocrypt08vol,
  address =      eurocrypt08addr,
  month =        eurocrypt08month,
  publisher =    eurocryptpub,
  series =       mylncs,
  year =         2008,
  doi =          "10.1007/978-3-540-78967-3_24",
}

@InProceedings{IMA:AbdKhoSla19,
  author =       "Behzad Abdolmaleki and
                  Hamidreza Khoshakhlagh and
                  Daniel Slamanig",
  title =        "A Framework for {UC}-Secure Commitments from Publicly Computable Smooth Projective Hashing",
  pages =        "1--21",
  editor =       ima19ed,
  booktitle =    ima19name,
  volume =       ima19vol,
  address =      ima19addr,
  month =        ima19month,
  publisher =    imapub,
  series =       mylncs,
  year =         2019,
  doi =          "10.1007/978-3-030-35199-1_1",
}


@InProceedings{C:CamDubRia16,
  author =       "Jan Camenisch and
                  Maria Dubovitskaya and
                  Alfredo Rial",
  title =        "{UC} Commitments for Modular Protocol Design and Applications to Revocation and Attribute Tokens",
  pages =        "208--239",
  editor =       crypto16ed,
  booktitle =    crypto16name3,
  volume =       crypto16vol3,
  address =      cryptoaddr,
  month =        crypto16month,
  publisher =    cryptopub,
  series =       mylncs,
  year =         2016,
  doi =          "10.1007/978-3-662-53015-3_8",
}

@InProceedings{CANS:BloEidJuh18,
  author =       "Johannes Bl{\"o}mer and
                  Fabian Eidens and
                  Jakob Juhnke",
  title =        "Enhanced Security of Attribute-Based Signatures",
  pages =        "235--255",
  editor =       cans18ed,
  booktitle =    cans18name,
  volume =       cans18vol,
  address =      cans18addr,
  month =        cans18month,
  publisher =    canspub,
  series =       mylncs,
  year =         2018,
  doi =          "10.1007/978-3-030-00434-7_12",
}

@Misc{EPRINT:BloEidJuh18b,
  author =       "Johannes Bl{\"o}mer and
                  Fabian Eidens and
                  Jakob Juhnke",
  title =        "Enhanced Security of Attribute-Based Signatures",
  year =         2018,
  howpublished = "Cryptology ePrint Archive, Report 2018/874",
  note =         "\url{https://eprint.iacr.org/2018/874}",
}

@InProceedings{C:ChaLys06,
  author =       "Melissa Chase and
                  Anna Lysyanskaya",
  title =        "On Signatures of Knowledge",
  pages =        "78--96",
  editor =       crypto06ed,
  booktitle =    crypto06name,
  volume =       crypto06vol,
  address =      cryptoaddr,
  month =        crypto06month,
  publisher =    cryptopub,
  series =       mylncs,
  year =         2006,
  doi =          "10.1007/11818175_5",
}

@InProceedings{PKC:BoyGolIva14,
  author =       "Elette Boyle and
                  Shafi Goldwasser and
                  Ioana Ivan",
  title =        "Functional Signatures and Pseudorandom Functions",
  pages =        "501--519",
  editor =       pkc14ed,
  booktitle =    pkc14name,
  volume =       pkc14vol,
  address =      pkc14addr,
  month =        pkc14month,
  publisher =    pkcpub,
  series =       mylncs,
  year =         2014,
  doi =          "10.1007/978-3-642-54631-0_29",
}

@InProceedings{SP:BBFR15,
  author =       "Michael Backes and
                  Manuel Barbosa and
                  Dario Fiore and
                  Raphael M. Reischuk",
  title =        "{ADSNARK}: Nearly Practical and Privacy-Preserving Proofs on Authenticated Data",
  pages =        "271--286",
  editor =       ieeesp15ed,
  booktitle =    ieeesp15name,
  address =      ieeesp15addr,
  month =        ieeesp15month,
  publisher =    ieeesppub,
  year =         2015,
  doi =          "10.1109/SP.2015.24",
}

@InProceedings{EC:BonFre11,
  author =       "Dan Boneh and
                  David Mandell Freeman",
  title =        "Homomorphic Signatures for Polynomial Functions",
  pages =        "149--168",
  editor =       eurocrypt11ed,
  booktitle =    eurocrypt11name,
  volume =       eurocrypt11vol,
  address =      eurocrypt11addr,
  month =        eurocrypt11month,
  publisher =    eurocryptpub,
  series =       mylncs,
  year =         2011,
  doi =          "10.1007/978-3-642-20465-4_10",
}

@InProceedings{TCC:FioNit16,
  author =       "Dario Fiore and
                  Anca Nitulescu",
  title =        "On the (In)Security of {SNARKs} in the Presence of Oracles",
  pages =        "108--138",
  editor =       tcc16bed,
  booktitle =    tcc16bname1,
  volume =       tcc16bvol1,
  address =      tcc16baddr,
  month =        tcc16bmonth,
  publisher =    tccpub,
  series =       mylncs,
  year =         2016,
  doi =          "10.1007/978-3-662-53641-4_5",
}


@Misc{EPRINT:FioNit16,
  author =       "Dario Fiore and
                  Anca Nitulescu",
  title =        "On the (In)security of {SNARKs} in the Presence of Oracles",
  year =         2016,
  howpublished = "Cryptology ePrint Archive, Report 2016/112",
  note =         "\url{https://eprint.iacr.org/2016/112}",
}

@InProceedings{C:Fischlin05,
  author =       "Marc Fischlin",
  title =        "Communication-Efficient Non-interactive Proofs of Knowledge with Online Extractors",
  pages =        "152--168",
  editor =       crypto05ed,
  booktitle =    crypto05name,
  volume =       crypto05vol,
  address =      cryptoaddr,
  month =        crypto05month,
  publisher =    cryptopub,
  series =       mylncs,
  year =         2005,
  doi =          "10.1007/11535218_10",
}

@InProceedings{PKC:BerFisWar15,
  author =       "David Bernhard and
                  Marc Fischlin and
                  Bogdan Warinschi",
  title =        "Adaptive Proofs of Knowledge in the Random Oracle Model",
  pages =        "629--649",
  editor =       pkc15ed,
  booktitle =    pkc15name,
  volume =       pkc15vol,
  address =      pkc15addr,
  month =        pkc15month,
  publisher =    pkcpub,
  series =       mylncs,
  year =         2015,
  doi =          "10.1007/978-3-662-46447-2_28",
}


@InProceedings{INDOCRYPT:FKMV12,
  author =       "Sebastian Faust and
                  Markulf Kohlweiss and
                  Giorgia Azzurra Marson and
                  Daniele Venturi",
  title =        "On the Non-malleability of the {Fiat}-{Shamir} Transform",
  pages =        "60--79",
  editor =       indocrypt12ed,
  booktitle =    indocrypt12name,
  volume =       indocrypt12vol,
  address =      indocrypt12addr,
  month =        indocrypt12month,
  publisher =    indocryptpub,
  series =       mylncs,
  year =         2012,
  doi =          "10.1007/978-3-642-34931-7_5",
}

@InProceedings{AC:Groth06,
  author =       "Jens Groth",
  title =        "Simulation-Sound {NIZK} Proofs for a Practical Language and Constant Size Group Signatures",
  pages =        "444--459",
  editor =       asiacrypt06ed,
  booktitle =    asiacrypt06name,
  volume =       asiacrypt06vol,
  address =      asiacrypt06addr,
  month =        asiacrypt06month,
  publisher =    asiacryptpub,
  series =       mylncs,
  year =         2006,
  doi =          "10.1007/11935230_29",
}

@InProceedings{CCS:CamFioQue19,
  author =       "Matteo Campanelli and
                  Dario Fiore and
                  Ana{\"i}s Querol",
  title =        "{LegoSNARK}: Modular Design and Composition of Succinct Zero-Knowledge Proofs",
  pages =        "2075--2092",
  editor =       ccs19ed,
  booktitle =    ccs19name,
  address =      ccs19addr,
  month =        ccs19month,
  publisher =    ccspub,
  year =         2019,
  doi =          "10.1145/3319535.3339820",
}

@InProceedings{EC:Groth16,
  author =       "Jens Groth",
  title =        "On the Size of Pairing-Based Non-interactive Arguments",
  pages =        "305--326",
  editor =       eurocrypt16ed,
  booktitle =    eurocrypt16name2,
  volume =       eurocrypt16vol2,
  address =      eurocrypt16addr,
  month =        eurocrypt16month,
  publisher =    eurocryptpub,
  series =       mylncs,
  year =         2016,
  doi =          "10.1007/978-3-662-49896-5_11",
}

@Misc{BonehShoupBook20,
  title =       {A Graduate Course in Applied Cryptography},
  author =      {Boneh, Dan and Shoup, Victor},
  year =        {2020},
  url =         {https://crypto.stanford.edu/~dabo/cryptobook/BonehShoup_0_5.pdf}
}

@InProceedings{ACNS:FisOne11,
  author =       "Marc Fischlin and
                  Cristina Onete",
  title =        "Relaxed Security Notions for Signatures of Knowledge",
  pages =        "309--326",
  editor =       acns11ed,
  booktitle =    acns11name,
  volume =       acns11vol,
  address =      acns11addr,
  month =        acns11month,
  publisher =    acnspub,
  series =       mylncs,
  year =         2011,
  doi =          "10.1007/978-3-642-21554-4_18",
}

@InProceedings{AFRICACRYPT:BGPR20,
  author =       "Karim Baghery and
                  Alonso Gonz{\'a}lez and
                  Zaira Pindado and
                  Carla R{\`a}fols",
  title =        "Signatures of Knowledge for Boolean Circuits Under Standard Assumptions",
  pages =        "24--44",
  editor =       africacrypt20ed,
  booktitle =    africacrypt20name,
  volume =       africacrypt20vol,
  address =      africacrypt20addr,
  month =        africacrypt20month,
  publisher =    africacryptpub,
  series =       mylncs,
  year =         2020,
  doi =          "10.1007/978-3-030-51938-4_2",
}

@InProceedings{EC:BelMicWar03,
  author =       "Mihir Bellare and
                  Daniele Micciancio and
                  Bogdan Warinschi",
  title =        "Foundations of Group Signatures: Formal Definitions, Simplified Requirements, and a Construction Based on General Assumptions",
  pages =        "614--629",
  editor =       eurocrypt03ed,
  booktitle =    eurocrypt03name,
  volume =       eurocrypt03vol,
  address =      eurocrypt03addr,
  month =        eurocrypt03month,
  publisher =    eurocryptpub,
  series =       mylncs,
  year =         2003,
  doi =          "10.1007/3-540-39200-9_38",
}


@InProceedings{CCS:BonSha04,
  author =       "Dan Boneh and
                  Hovav Shacham",
  title =        "Group Signatures With Verifier-Local Revocation",
  pages =        "168--177",
  editor =       ccs04ed,
  booktitle =    ccs04name,
  address =      ccs04addr,
  month =        ccs04month,
  publisher =    ccspub,
  year =         2004,
  doi =          "10.1145/1030083.1030106",
}


@InProceedings{C:KilPanWee15,
  author =       "Eike Kiltz and
                  Jiaxin Pan and
                  Hoeteck Wee",
  title =        "Structure-Preserving Signatures from Standard Assumptions, Revisited",
  pages =        "275--295",
  editor =       crypto15ed,
  booktitle =    crypto15name2,
  volume =       crypto15vol2,
  address =      cryptoaddr,
  month =        crypto15month,
  publisher =    cryptopub,
  series =       mylncs,
  year =         2015,
  doi =          "10.1007/978-3-662-48000-7_14",
}


@article{DBLP:journals/jacm/GrothOS12,
  author    = {Jens Groth and
               Rafail Ostrovsky and
               Amit Sahai},
  title     = {New Techniques for Noninteractive Zero-Knowledge},
  journal   = {J. {ACM}},
  volume    = {59},
  number    = {3},
  pages     = {11:1--11:35},
  year      = {2012},
  doi       = {10.1145/2220357.2220358},
  timestamp = {Tue, 06 Nov 2018 12:51:45 +0100}
}

@article{DBLP:journals/siamcomp/GrothS12,
  author    = {Jens Groth and
               Amit Sahai},
  title     = {Efficient Noninteractive Proof Systems for Bilinear Groups},
  journal   = {{SIAM} J. Comput.},
  volume    = {41},
  number    = {5},
  pages     = {1193--1232},
  year      = {2012},
  doi       = {10.1137/080725386},
  timestamp = {Fri, 02 Nov 2018 09:32:24 +0100}
}

@inproceedings{DBLP:conf/fc/BagheryKSV21,
  author    = {Karim Baghery and
               Markulf Kohlweiss and
               Janno Siim and
               Mikhail Volkhov},
  editor    = {Nikita Borisov and
               Claudia D{\'{\i}}az},
  title     = {Another Look at Extraction and Randomization of Groth's zk-SNARK},
  booktitle = {Financial Cryptography and Data Security - 25th International Conference,
               {FC} 2021, Virtual Event, March 1-5, 2021, Revised Selected Papers,
               Part {I}},
  series    = {Lecture Notes in Computer Science},
  volume    = {12674},
  pages     = {457--475},
  publisher = {Springer},
  year      = {2021},
  doi       = {10.1007/978-3-662-64322-8\_22}
}

@Misc{EPRINT:KZMQCP15,
  author =       "Ahmed Kosba and
                  Zhichao Zhao and
                  Andrew Miller and
                  Yi Qian and
                  Hubert Chan and
                  Charalampos Papamanthou and
                  Rafael Pass and
                  {abhi} {shelat} and
                  Elaine Shi",
  title =        "C$\emptyset$C$\emptyset$: A Framework for Building Composable Zero-Knowledge Proofs",
  year =         2015,
  howpublished = "Cryptology ePrint Archive, Report 2015/1093",
  note =         "\url{https://eprint.iacr.org/2015/1093}",
}



@mastersthesis{MA:Bemmann17,
title =         {Attribute-based Signatures using Structure Preserving Signatures},
institution =   {Universität Paderborn},
author =        {Bemmann, Pascal},
year =          {2017},
note =          "\url{https://ris.uni-paderborn.de/record/117}",
}


@phdthesis{PHD:Fuchsbauer10,
  title =         {Automorphic signatures and applications},
  author =        {Fuchsbauer, Georg},
  year =          {2010},
  institution =   {ENS, Paris},
}


@InProceedings{EC:BonBoy04a,
  author =       "Dan Boneh and
                  Xavier Boyen",
  title =        "Short Signatures Without Random Oracles",
  pages =        "56--73",
  editor =       eurocrypt04ed,
  booktitle =    eurocrypt04name,
  volume =       eurocrypt04vol,
  address =      eurocrypt04addr,
  month =        eurocrypt04month,
  publisher =    eurocryptpub,
  series =       mylncs,
  year =         2004,
  doi =          "10.1007/978-3-540-24676-3_4",
}

@Article{JC:BonBoy08,
  author =       "Dan Boneh and
                  Xavier Boyen",
  title =        "Short Signatures Without Random Oracles and the {SDH} Assumption in Bilinear Groups",
  pages =        "149--177",
  volume =       21,
  month =        apr,
  publisher =    springer,
  year =         2008,
  journal =      jcrypto,
  number =       2,
  doi =          "10.1007/s00145-007-9005-7",
}


@InProceedings{EC:Waters05,
  author =       "Brent R. Waters",
  title =        "Efficient Identity-Based Encryption Without Random Oracles",
  pages =        "114--127",
  editor =       eurocrypt05ed,
  booktitle =    eurocrypt05name,
  volume =       eurocrypt05vol,
  address =      eurocrypt05addr,
  month =        eurocrypt05month,
  publisher =    eurocryptpub,
  series =       mylncs,
  year =         2005,
  doi =          "10.1007/11426639_7",
}


@InProceedings{PKC:JutRoy17,
  author =       "Charanjit S. Jutla and
                  Arnab Roy",
  title =        "Improved Structure Preserving Signatures Under Standard Bilinear Assumptions",
  pages =        "183--209",
  editor =       pkc17ed,
  booktitle =    pkc17name2,
  volume =       pkc17vol2,
  address =      pkc17addr,
  month =        pkc17month,
  publisher =    pkcpub,
  series =       mylncs,
  year =         2017,
  doi =          "10.1007/978-3-662-54388-7_7",
}


@InProceedings{C:AGHO11,
  author =       "Masayuki Abe and
                  Jens Groth and
                  Kristiyan Haralambiev and
                  Miyako Ohkubo",
  title =        "Optimal Structure-Preserving Signatures in Asymmetric Bilinear Groups",
  pages =        "649--666",
  editor =       crypto11ed,
  booktitle =    crypto11name,
  volume =       crypto11vol,
  address =      cryptoaddr,
  month =        crypto11month,
  publisher =    cryptopub,
  series =       mylncs,
  year =         2011,
  doi =          "10.1007/978-3-642-22792-9_37",
}


@article{DBLP:journals/iet-ifs/SakaiAH18,
  author    = {Yusuke Sakai and
               Nuttapong Attrapadung and
               Goichiro Hanaoka},
  title     = {Practical attribute-based signature schemes for circuits from bilinear
               map},
  journal   = {{IET} Inf. Secur.},
  volume    = {12},
  number    = {3},
  pages     = {184--193},
  year      = {2018},
  doi       = {10.1049/iet-ifs.2017.0029},
  timestamp = {Thu, 27 Aug 2020 13:16:28 +0200}
}


@Misc{EPRINT:ElBElK16,
  author =       "Rachid {El Bansarkhani} and
                  Ali {El Kaafarani}",
  title =        "Post-Quantum Attribute-Based Signatures from Lattice Assumptions",
  year =         2016,
  howpublished = "Cryptology ePrint Archive, Report 2016/823",
  note =         "\url{https://eprint.iacr.org/2016/823}",
}


@InProceedings{RSA:CCLZFL13,
  author =       "Cheng Chen and
                  Jie Chen and
                  Hoon Wei Lim and
                  Zhenfeng Zhang and
                  Dengguo Feng and
                  San Ling and
                  Huaxiong Wang",
  title =        "Fully Secure Attribute-Based Systems with Short Ciphertexts/Signatures and Threshold Access Structures",
  pages =        "50--67",
  editor =       rsa13ed,
  booktitle =    rsa13name,
  volume =       rsa13vol,
  address =      rsa13addr,
  month =        rsa13month,
  publisher =    rsapub,
  series =       mylncs,
  year =         2013,
  doi =          "10.1007/978-3-642-36095-4_4",
}


@InProceedings{TCC:LewWat10,
  author =       "Allison B. Lewko and
                  Brent Waters",
  title =        "New Techniques for Dual System Encryption and Fully Secure {HIBE} with Short Ciphertexts",
  pages =        "455--479",
  editor =       tcc10ed,
  booktitle =    tcc10name,
  volume =       tcc10vol,
  address =      tcc10addr,
  month =        tcc10month,
  publisher =    tccpub,
  series =       mylncs,
  year =         2010,
  doi =          "10.1007/978-3-642-11799-2_27",
}


@Misc{EPRINT:LiKim08,
  author =       "Jin Li and
                  Kwangjo Kim",
  title =        "Attribute-Based Ring Signatures",
  year =         2008,
  howpublished = "Cryptology ePrint Archive, Report 2008/394",
  note =         "\url{https://eprint.iacr.org/2008/394}",
}


@InProceedings{IMA:KhaCheDav09,
  author =       "Dalia Khader and
                  Liqun Chen and
                  James H. Davenport",
  title =        "Certificate-Free Attribute Authentication",
  pages =        "301--325",
  editor =       ima09ed,
  booktitle =    ima09name,
  volume =       ima09vol,
  address =      ima09addr,
  month =        ima09month,
  publisher =    imapub,
  series =       mylncs,
  year =         2009,
}


@InProceedings{AFRICACRYPT:ShaSaf09,
  author =       "Siamak Fayyaz Shahandashti and
                  Reihaneh {Safavi-Naini}",
  title =        "Threshold Attribute-Based Signatures and Their Application to Anonymous Credential Systems",
  pages =        "198--216",
  editor =       africacrypt09ed,
  booktitle =    africacrypt09name,
  volume =       africacrypt09vol,
  address =      africacrypt09addr,
  month =        africacrypt09month,
  publisher =    africacryptpub,
  series =       mylncs,
  year =         2009,
}


@InProceedings{ASIACCS:LASXR10,
  author =       "Jin Li and
                  Man Ho Au and
                  Willy Susilo and
                  Dongqing Xie and
                  Kui Ren",
  title =        "Attribute-based signature and its applications",
  pages =        "60--69",
  editor =       asiaccs10ed,
  booktitle =    asiaccs10name,
  address =      asiaccs10addr,
  month =        asiaccs10month,
  publisher =    asiaccspub,
  year =         2010,
}

@InProceedings{RSA:Ghadafi15,
  author =       "Essam Ghadafi",
  title =        "Stronger Security Notions for Decentralized Traceable Attribute-Based Signatures and More Efficient Constructions",
  pages =        "391--409",
  editor =       rsa15ed,
  booktitle =    rsa15name,
  volume =       rsa15vol,
  address =      rsa15addr,
  month =        rsa15month,
  publisher =    rsapub,
  series =       mylncs,
  year =         2015,
  doi =          "10.1007/978-3-319-16715-2_21",
}

@article{DBLP:journals/tcs/Herranz14,
  author    = {Javier Herranz},
  title     = {Attribute-based signatures from {RSA}},
  journal   = {Theor. Comput. Sci.},
  volume    = {527},
  pages     = {73--82},
  year      = {2014},
  doi       = {10.1016/j.tcs.2014.01.028},
  timestamp = {Wed, 17 Feb 2021 21:58:12 +0100}
}


@InProceedings{CANS:ECGD14,
  author =       "Ali {El Kaafarani} and
                  Liqun Chen and
                  Essam Ghadafi and
                  James H. Davenport",
  title =        "Attribute-Based Signatures with User-Controlled Linkability",
  pages =        "256--269",
  editor =       cans14ed,
  booktitle =    cans14name,
  volume =       cans14vol,
  address =      cans14addr,
  month =        cans14month,
  publisher =    canspub,
  series =       mylncs,
  year =         2014,
  doi =          "10.1007/978-3-319-12280-9_17",
}


@InProceedings{RSA:ElKGhaKha14,
  author =       "Ali {El Kaafarani} and
                  Essam Ghadafi and
                  Dalia Khader",
  title =        "Decentralized Traceable Attribute-Based Signatures",
  pages =        "327--348",
  editor =       rsa14ed,
  booktitle =    rsa14name,
  volume =       rsa14vol,
  address =      rsa14addr,
  month =        rsa14month,
  publisher =    rsapub,
  series =       mylncs,
  year =         2014,
  doi =          "10.1007/978-3-319-04852-9_17",
}


@InProceedings{IMA:ElKGha17,
  author =       "Ali {El Kaafarani} and
                  Essam Ghadafi",
  title =        "Attribute-Based Signatures with User-Controlled Linkability Without Random Oracles",
  pages =        "161--184",
  editor =       ima17ed,
  booktitle =    ima17name,
  volume =       ima17vol,
  address =      ima17addr,
  month =        ima17month,
  publisher =    imapub,
  series =       mylncs,
  year =         2017,
}

@inproceedings{DBLP:conf/esorics/KaanicheLRKG17,
  author    = {Nesrine Kaaniche and
               Maryline Laurent and
               Pierre{-}Olivier Rocher and
               Christophe Kiennert and
               Joaqu{\'{\i}}n Garc{\'{\i}}a{-}Alfaro},
  editor    = {Joaqu{\'{\i}}n Garc{\'{\i}}a{-}Alfaro and
               Guillermo Navarro{-}Arribas and
               Hannes Hartenstein and
               Jordi Herrera{-}Joancomart{\'{\i}}},
  title     = {\emph{PCS} , {A} Privacy-Preserving Certification Scheme},
  booktitle = {Data Privacy Management, Cryptocurrencies and Blockchain Technology
               - {ESORICS} 2017 International Workshops, {DPM} 2017 and {CBT} 2017,
               Oslo, Norway, September 14-15, 2017, Proceedings},
  series    = {Lecture Notes in Computer Science},
  volume    = {10436},
  pages     = {239--256},
  publisher = {Springer},
  year      = {2017},
  doi       = {10.1007/978-3-319-67816-0\_14},
  timestamp = {Fri, 27 Dec 2019 21:19:57 +0100}
}

@InProceedings{AC:AttHanYam15b,
  author =       "Nuttapong Attrapadung and
                  Goichiro Hanaoka and
                  Shota Yamada",
  title =        "Conversions Among Several Classes of Predicate Encryption and Applications to {ABE} with Various Compactness Tradeoffs",
  pages =        "575--601",
  editor =       asiacrypt15ed,
  booktitle =    asiacrypt15name1,
  volume =       asiacrypt15vol1,
  address =      asiacrypt15addr,
  month =        asiacrypt15month,
  publisher =    asiacryptpub,
  series =       mylncs,
  year =         2015,
  doi =          "10.1007/978-3-662-48797-6_24",
}


@InProceedings{CANS:DraGarMan18,
  author =       "Constantin Catalin Dragan and
                  Daniel Gardham and
                  Mark Manulis",
  title =        "Hierarchical Attribute-Based Signatures",
  pages =        "213--234",
  editor =       cans18ed,
  booktitle =    cans18name,
  volume =       cans18vol,
  address =      cans18addr,
  month =        cans18month,
  publisher =    canspub,
  series =       mylncs,
  year =         2018,
  doi =          "10.1007/978-3-030-00434-7_11",
}

@InProceedings{ACNS:GarMan19,
  author =       "Daniel Gardham and
                  Mark Manulis",
  title =        "Hierarchical Attribute-Based Signatures: Short Keys and Optimal Signature Length",
  pages =        "89--109",
  editor =       acns19ed,
  booktitle =    acns19name,
  volume =       acns19vol,
  address =      acns19addr,
  month =        acns19month,
  publisher =    acnspub,
  series =       mylncs,
  year =         2019,
  doi =          "10.1007/978-3-030-21568-2_5",
}


@InProceedings{PKC:ElKKat18,
  author =       "Ali {El Kaafarani} and
                  Shuichi Katsumata",
  title =        "Attribute-Based Signatures for Unbounded Circuits in the {ROM} and Efficient Instantiations from Lattices",
  pages =        "89--119",
  editor =       pkc18ed,
  booktitle =    pkc18name2,
  volume =       pkc18vol2,
  address =      pkc18addr,
  month =        pkc18month,
  publisher =    pkcpub,
  series =       mylncs,
  year =         2018,
  doi =          "10.1007/978-3-319-76581-5_4",
}

@Misc{EPRINT:DatDutMuk17,
  author =       "Pratish Datta and
                  Ratna Dutta and
                  Sourav Mukhopadhyay",
  title =        "Attribute-Based Signatures for Turing Machines from Standard Assumptions",
  year =         2017,
  howpublished = "Cryptology ePrint Archive, Report 2017/801",
  note =         "\url{https://eprint.iacr.org/2017/801}",
}


@InProceedings{AC:SKAH18,
  author =       "Yusuke Sakai and
                  Shuichi Katsumata and
                  Nuttapong Attrapadung and
                  Goichiro Hanaoka",
  title =        "Attribute-Based Signatures for Unbounded Languages from Standard Assumptions",
  pages =        "493--522",
  editor =       asiacrypt18ed,
  booktitle =    asiacrypt18name2,
  volume =       asiacrypt18vol2,
  address =      asiacrypt18addr,
  month =        asiacrypt18month,
  publisher =    asiacryptpub,
  series =       mylncs,
  year =         2018,
  doi =          "10.1007/978-3-030-03329-3_17",
}


@InProceedings{PKC:DatOkaTak19,
  author =       "Pratish Datta and
                  Tatsuaki Okamoto and
                  Katsuyuki Takashima",
  title =        "Efficient Attribute-Based Signatures for Unbounded Arithmetic Branching Programs",
  pages =        "127--158",
  editor =       pkc19ed,
  booktitle =    pkc19name1,
  volume =       pkc19vol1,
  address =      pkc19addr,
  month =        pkc19month,
  publisher =    pkcpub,
  series =       mylncs,
  year =         2019,
  doi =          "10.1007/978-3-030-17253-4_5",
}


@inproceedings{DBLP:conf/css/ZhangLHZJ19,
  author    = {Yanhua Zhang and
               Ximeng Liu and
               Yupu Hu and
               Qikun Zhang and
               Huiwen Jia},
  editor    = {Jaideep Vaidya and
               Xiao Zhang and
               Jin Li},
  title     = {Attribute-Based Signatures for Inner-Product Predicate from Lattices},
  booktitle = {Cyberspace Safety and Security - 11th International Symposium, {CSS}
               2019, Guangzhou, China, December 1-3, 2019, Proceedings, Part {I}},
  series    = {Lecture Notes in Computer Science},
  volume    = {11982},
  pages     = {173--185},
  publisher = {Springer},
  year      = {2019},
  doi       = {10.1007/978-3-030-37337-5\_14},
  timestamp = {Wed, 08 Jan 2020 15:12:41 +0100}
}


@inproceedings{DBLP:conf/acns/GardhamM22,
  author    = {Daniel Gardham and
               Mark Manulis},
  editor    = {Giuseppe Ateniese and
               Daniele Venturi},
  title     = {Revocable Hierarchical Attribute-Based Signatures from Lattices},
  booktitle = {Applied Cryptography and Network Security - 20th International Conference,
               {ACNS} 2022, Rome, Italy, June 20-23, 2022, Proceedings},
  series    = {Lecture Notes in Computer Science},
  volume    = {13269},
  pages     = {459--479},
  publisher = {Springer},
  year      = {2022},
  doi       = {10.1007/978-3-031-09234-3\_23},
  timestamp = {Tue, 21 Jun 2022 15:24:40 +0200}
}


@InProceedings{C:Naor03,
  author =       "Moni Naor",
  title =        "On Cryptographic Assumptions and Challenges",
  pages =        "96--109",
  editor =       crypto03ed,
  booktitle =    crypto03name,
  volume =       crypto03vol,
  address =      cryptoaddr,
  month =        crypto03month,
  publisher =    cryptopub,
  series =       mylncs,
  year =         2003,
  doi =          "10.1007/978-3-540-45146-4_6",
}


@Article{JC:ABCHSW15,
  author =       "Jae Hyun Ahn and
                  Dan Boneh and
                  Jan Camenisch and
                  Susan Hohenberger and
                  {abhi} {shelat} and
                  Brent Waters",
  title =        "Computing on Authenticated Data",
  pages =        "351--395",
  volume =       28,
  month =        apr,
  publisher =    springer,
  year =         2015,
  journal =      jcrypto,
  number =       2,
  doi =          "10.1007/s00145-014-9182-0",
}


@InProceedings{AC:AttLibPet12,
  author =       "Nuttapong Attrapadung and
                  Beno{\^i}t Libert and
                  Thomas Peters",
  title =        "Computing on Authenticated Data: New Privacy Definitions and Constructions",
  pages =        "367--385",
  editor =       asiacrypt12ed,
  booktitle =    asiacrypt12name,
  volume =       asiacrypt12vol,
  address =      asiacrypt12addr,
  month =        asiacrypt12month,
  publisher =    asiacryptpub,
  series =       mylncs,
  year =         2012,
  doi =          "10.1007/978-3-642-34961-4_23",
}

@InProceedings{ACNS:BloBob18,
  author =       "Johannes Bl{\"o}mer and
                  Jan Bobolz",
  title =        "Delegatable Attribute-Based Anonymous Credentials from Dynamically Malleable Signatures",
  pages =        "221--239",
  editor =       acns18ed,
  booktitle =    acns18name,
  volume =       acns18vol,
  address =      acns18addr,
  month =        acns18month,
  publisher =    acnspub,
  series =       mylncs,
  year =         2018,
  doi =          "10.1007/978-3-319-93387-0_12",
}

@article{DBLP:journals/iet-ifs/GeMZ12,
  author    = {Aijun{-}J. Ge and
               C.{-}G. Ma and
               Zhongwen{-}F. Zhang},
  title     = {Attribute-based signature scheme with constant size signature in the
               standard model},
  journal   = {{IET} Inf. Secur.},
  volume    = {6},
  number    = {2},
  pages     = {47--54},
  year      = {2012},
  doi       = {10.1049/iet-ifs.2011.0094},
  timestamp = {Thu, 27 Aug 2020 13:16:24 +0200}
}

@article{zeng2012attribute,
  title={Attribute-based signature scheme with constant size signature},
  author={Zeng, Fugeng and Xu, Chunxiang and Li, Qinyi and Zhang, Xiujie},
  journal={Journal of Computational Information Systems},
  volume={8},
  number={7},
  pages={2875--2882},
  year={2012}
}

@inproceedings{DBLP:conf/ispec/WeiHHL15,
  author    = {Jianghong Wei and
               Xinyi Huang and
               Xuexian Hu and
               Wenfen Liu},
  editor    = {Javier L{\'{o}}pez and
               Yongdong Wu},
  title     = {Revocable Threshold Attribute-Based Signature against Signing Key
               Exposure},
  booktitle = {Information Security Practice and Experience - 11th International
               Conference, {ISPEC} 2015, Beijing, China, May 5-8, 2015. Proceedings},
  series    = {Lecture Notes in Computer Science},
  volume    = {9065},
  pages     = {316--330},
  publisher = {Springer},
  year      = {2015},
  doi       = {10.1007/978-3-319-17533-1\_22},
  timestamp = {Mon, 25 Apr 2022 08:42:03 +0200}
}


@Misc{EPRINT:BicKup19,
  author =       "Osman Bicer and
                  Alptekin K{\"u}p{\c c}{\"u}",
  title =        "Versatile {ABS}: Usage Limited, Revocable, Threshold Traceable, Authority Hiding, Decentralized Attribute Based Signatures",
  year =         2019,
  howpublished = "Cryptology ePrint Archive, Report 2019/203",
  note =         "\url{https://eprint.iacr.org/2019/203}",
}


@InProceedings{C:BonBoySha04,
  author =       "Dan Boneh and
                  Xavier Boyen and
                  Hovav Shacham",
  title =        "Short Group Signatures",
  pages =        "41--55",
  editor =       crypto04ed,
  booktitle =    crypto04name,
  volume =       crypto04vol,
  address =      cryptoaddr,
  month =        crypto04month,
  publisher =    cryptopub,
  series =       mylncs,
  year =         2004,
  doi =          "10.1007/978-3-540-28628-8_3",
}

@InProceedings{AC:Groth07,
  author =       "Jens Groth",
  title =        "Fully Anonymous Group Signatures Without Random Oracles",
  pages =        "164--180",
  editor =       asiacrypt07ed,
  booktitle =    asiacrypt07name,
  volume =       asiacrypt07vol,
  address =      asiacrypt07addr,
  month =        asiacrypt07month,
  publisher =    asiacryptpub,
  series =       mylncs,
  year =         2007,
  doi =          "10.1007/978-3-540-76900-2_10",
}

@InProceedings{ASIACCS:DerSla18,
  author =       "David Derler and
                  Daniel Slamanig",
  title =        "Highly-Efficient Fully-Anonymous Dynamic Group Signatures",
  pages =        "551--565",
  editor =       asiaccs18ed,
  booktitle =    asiaccs18name,
  address =      asiaccs18addr,
  month =        asiaccs18month,
  publisher =    asiaccspub,
  year =         2018,
}

@InProceedings{CCS:BacHanSch19,
  author =       "Michael Backes and
                  Lucjan Hanzlik and
                  Jonas Schneider-Bensch",
  title =        "Membership Privacy for Fully Dynamic Group Signatures",
  pages =        "2181--2198",
  editor =       ccs19ed,
  booktitle =    ccs19name,
  address =      ccs19addr,
  month =        ccs19month,
  publisher =    ccspub,
  year =         2019,
  doi =          "10.1145/3319535.3354257",
}

@InProceedings{EC:CamLys01,
  author =       "Jan Camenisch and
                  Anna Lysyanskaya",
  title =        "An Efficient System for Non-transferable Anonymous Credentials with Optional Anonymity Revocation",
  pages =        "93--118",
  editor =       eurocrypt01ed,
  booktitle =    eurocrypt01name,
  volume =       eurocrypt01vol,
  address =      eurocrypt01addr,
  month =        eurocrypt01month,
  publisher =    eurocryptpub,
  series =       mylncs,
  year =         2001,
  doi =          "10.1007/3-540-44987-6_7",
}


@Misc{EPRINT:Shoup04,
  author =       "Victor Shoup",
  title =        "Sequences of games: a tool for taming complexity in security proofs",
  year =         2004,
  howpublished = "Cryptology ePrint Archive, Report 2004/332",
  note =         "\url{https://eprint.iacr.org/2004/332}",
}


@InProceedings{TCC:BCKL08,
  author =       "Mira Belenkiy and
                  Melissa Chase and
                  Markulf Kohlweiss and
                  Anna Lysyanskaya",
  title =        "{P}-signatures and Noninteractive Anonymous Credentials",
  pages =        "356--374",
  editor =       tcc08ed,
  booktitle =    tcc08name,
  volume =       tcc08vol,
  address =      tcc08addr,
  month =        tcc08month,
  publisher =    tccpub,
  series =       mylncs,
  year =         2008,
  doi =          "10.1007/978-3-540-78524-8_20",
}


@InProceedings{RSA:BloEidJuh18,
  author =       "Johannes Bl{\"o}mer and
                  Fabian Eidens and
                  Jakob Juhnke",
  title =        "Practical, Anonymous, and Publicly Linkable Universally-Composable Reputation Systems",
  pages =        "470--490",
  editor =       rsa18ed,
  booktitle =    rsa18name,
  volume =       rsa18vol,
  address =      rsa18addr,
  month =        rsa18month,
  publisher =    rsapub,
  series =       mylncs,
  year =         2018,
  doi =          "10.1007/978-3-319-76953-0_25",
}

@InProceedings{RSA:BelShiZha05,
  author =       "Mihir Bellare and
                  Haixia Shi and
                  Chong Zhang",
  title =        "Foundations of Group Signatures: The Case of Dynamic Groups",
  pages =        "136--153",
  editor =       rsa05ed,
  booktitle =    rsa05name,
  volume =       rsa05vol,
  address =      rsa05addr,
  month =        rsa05month,
  publisher =    rsapub,
  series =       mylncs,
  year =         2005,
  doi =          "10.1007/978-3-540-30574-3_11",
}


@InProceedings{VIETCRYPT:DelPoi06,
  author =       "C{\'e}cile Delerabl{\'e}e and
                  David Pointcheval",
  title =        "Dynamic Fully Anonymous Short Group Signatures",
  pages =        "193--210",
  editor =       vietcrypt06ed,
  booktitle =    vietcrypt06name,
  volume =       vietcrypt06vol,
  address =      vietcrypt06addr,
  month =        vietcrypt06month,
  publisher =    vietcryptpub,
  series =       mylncs,
  year =         2006,
}

@InProceedings{ASIACCS:BEKSS20,
  author =       "Jan Bobolz and
                  Fabian Eidens and
                  Stephan Krenn and
                  Daniel Slamanig and
                  Christoph Striecks",
  title =        "Privacy-Preserving Incentive Systems with Highly Efficient Point-Collection",
  pages =        "319--333",
  editor =       asiaccs20ed,
  booktitle =    asiaccs20name,
  address =      asiaccs20addr,
  month =        asiaccs20month,
  publisher =    asiaccspub,
  year =         2020,
  doi =          "10.1145/3320269.3384769",
}

@Misc{EPRINT:BEHF21,
  author =       "Jan Bobolz and
                  Fabian Eidens and
                  Raphael Heitjohann and
                  Jeremy Fell",
  title =        "Cryptimeleon: {A} Library for Fast Prototyping of Privacy-Preserving Cryptographic Schemes",
  year =         2021,
  howpublished = "Cryptology ePrint Archive, Report 2021/961",
  note =         "\url{https://eprint.iacr.org/2021/961}",
}

@inproceedings{DBLP:conf/cans/BobolzEKRS21,
  author    = {Jan Bobolz and
               Fabian Eidens and
               Stephan Krenn and
               Sebastian Ramacher and
               Kai Samelin},
  editor    = {Mauro Conti and
               Marc Stevens and
               Stephan Krenn},
  title     = {Issuer-Hiding Attribute-Based Credentials},
  booktitle = {Cryptology and Network Security - 20th International Conference, {CANS}
               2021, Vienna, Austria, December 13-15, 2021, Proceedings},
  series    = {Lecture Notes in Computer Science},
  volume    = {13099},
  pages     = {158--178},
  publisher = {Springer},
  year      = {2021},
  doi       = {10.1007/978-3-030-92548-2\_9},
  timestamp = {Tue, 14 Dec 2021 17:56:28 +0100}
}

@inproceedings{DBLP:conf/IEEEares/BemmannBBBDEEHJ18,
  author    = {Kai Bemmann and
               Johannes Bl{\"{o}}mer and
               Jan Bobolz and
               Henrik Br{\"{o}}cher and
               Denis Diemert and
               Fabian Eidens and
               Lukas Eilers and
               Jan Haltermann and
               Jakob Juhnke and
               Burhan Otour and
               Laurens Porzenheim and
               Simon Pukrop and
               Erik Schilling and
               Michael Schlichtig and
               Marcel Stienemeier},
  editor    = {Sebastian Doerr and
               Mathias Fischer and
               Sebastian Schrittwieser and
               Dominik Herrmann},
  title     = {Fully-Featured Anonymous Credentials with Reputation System},
  booktitle = {Proceedings of the 13th International Conference on Availability,
               Reliability and Security, {ARES} 2018, Hamburg, Germany, August 27-30,
               2018},
  pages     = {42:1--42:10},
  publisher = {{ACM}},
  year      = {2018},
  doi       = {10.1145/3230833.3234517},
  timestamp = {Thu, 14 Oct 2021 09:55:03 +0200}
}


@InProceedings{ACNS:BerFucGha13,
  author =       "David Bernhard and
                  Georg Fuchsbauer and
                  Essam Ghadafi",
  title =        "Efficient Signatures of Knowledge and {DAA} in the Standard Model",
  pages =        "518--533",
  editor =       acns13ed,
  booktitle =    acns13name,
  volume =       acns13vol,
  address =      acns13addr,
  month =        acns13month,
  publisher =    acnspub,
  series =       mylncs,
  year =         2013,
  doi =          "10.1007/978-3-642-38980-1_33",
}


@InProceedings{EC:JakSakImp96,
  author =       "Markus Jakobsson and
                  Kazue Sako and
                  Russell Impagliazzo",
  title =        "Designated Verifier Proofs and Their Applications",
  pages =        "143--154",
  editor =       eurocrypt96ed,
  booktitle =    eurocrypt96name,
  volume =       eurocrypt96vol,
  address =      eurocrypt96addr,
  month =        eurocrypt96month,
  publisher =    eurocryptpub,
  series =       mylncs,
  year =         1996,
  doi =          "10.1007/3-540-68339-9_13",
}

@article{DBLP:journals/dcc/DerlerS19,
  author    = {David Derler and
               Daniel Slamanig},
  title     = {Key-homomorphic signatures: definitions and applications to multiparty
               signatures and non-interactive zero-knowledge},
  journal   = {Des. Codes Cryptogr.},
  volume    = {87},
  number    = {6},
  pages     = {1373--1413},
  year      = {2019},
  doi       = {10.1007/s10623-018-0535-9}
}


@InProceedings{C:HofJag12,
  author =       "Dennis Hofheinz and
                  Tibor Jager",
  title =        "Tightly Secure Signatures and Public-Key Encryption",
  pages =        "590--607",
  editor =       crypto12ed,
  booktitle =    crypto12name,
  volume =       crypto12vol,
  address =      cryptoaddr,
  month =        crypto12month,
  publisher =    cryptopub,
  series =       mylncs,
  year =         2012,
  doi =          "10.1007/978-3-642-32009-5_35",
}


@InProceedings{TCC:BHJKL15,
  author =       "Christoph Bader and
                  Dennis Hofheinz and
                  Tibor Jager and
                  Eike Kiltz and
                  Yong Li",
  title =        "Tightly-Secure Authenticated Key Exchange",
  pages =        "629--658",
  editor =       tcc15ed,
  booktitle =    tcc15name1,
  volume =       tcc15vol1,
  address =      tcc15addr,
  month =        tcc15month,
  publisher =    tccpub,
  series =       mylncs,
  year =         2015,
  doi =          "10.1007/978-3-662-46494-6_26",
}


@InProceedings{EC:FisHarJan20,
  author =       "Marc Fischlin and
                  Patrick Harasser and
                  Christian Janson",
  title =        "Signatures from Sequential-{OR} Proofs",
  pages =        "212--244",
  editor =       eurocrypt20ed,
  booktitle =    eurocrypt20name3,
  volume =       eurocrypt20vol3,
  address =      eurocrypt20addr,
  month =        eurocrypt20month,
  publisher =    eurocryptpub,
  series =       mylncs,
  year =         2020,
  doi =          "10.1007/978-3-030-45727-3_8",
}


@InProceedings{C:GjoJag18,
  author =       "Kristian Gj{\o}steen and
                  Tibor Jager",
  title =        "Practical and Tightly-Secure Digital Signatures and Authenticated Key Exchange",
  pages =        "95--125",
  editor =       crypto18ed,
  booktitle =    crypto18name2,
  volume =       crypto18vol2,
  address =      cryptoaddr,
  month =        crypto18month,
  publisher =    cryptopub,
  series =       mylncs,
  year =         2018,
  doi =          "10.1007/978-3-319-96881-0_4",
}


@InProceedings{PKC:DGJL21,
  author =       "Denis Diemert and
                  Kai Gellert and
                  Tibor Jager and
                  Lin Lyu",
  title =        "More Efficient Digital Signatures with Tight Multi-user Security",
  pages =        "1--31",
  editor =       pkc21ed,
  booktitle =    pkc21name2,
  volume =       pkc21vol2,
  address =      pkc21addr,
  month =        pkc21month,
  publisher =    pkcpub,
  series =       mylncs,
  year =         2021,
  doi =          "10.1007/978-3-030-75248-4_1",
}


@InProceedings{AC:AbeOhkSuz02,
  author =       "Masayuki Abe and
                  Miyako Ohkubo and
                  Koutarou Suzuki",
  title =        "1-out-of-n Signatures from a Variety of Keys",
  pages =        "415--432",
  editor =       asiacrypt02ed,
  booktitle =    asiacrypt02name,
  volume =       asiacrypt02vol,
  address =      asiacrypt02addr,
  month =        asiacrypt02month,
  publisher =    asiacryptpub,
  series =       mylncs,
  year =         2002,
  doi =          "10.1007/3-540-36178-2_26",
}

@article{DBLP:journals/joc/AbeFGHO16,
  author    = {Masayuki Abe and
               Georg Fuchsbauer and
               Jens Groth and
               Kristiyan Haralambiev and
               Miyako Ohkubo},
  title     = {Structure-Preserving Signatures and Commitments to Group Elements},
  journal   = {J. Cryptol.},
  volume    = {29},
  number    = {2},
  pages     = {363--421},
  year      = {2016},
  doi       = {10.1007/s00145-014-9196-7}
}

@article{DBLP:journals/joc/KustersTR20,
  author    = {Ralf K{\"{u}}sters and
               Max Tuengerthal and
               Daniel Rausch},
  title     = {The {IITM} Model: {A} Simple and Expressive Model for Universal Composability},
  journal   = {J. Cryptol.},
  volume    = {33},
  number    = {4},
  pages     = {1461--1584},
  year      = {2020},
  doi       = {10.1007/s00145-020-09352-1},
}

@InProceedings{TCC:CDPW07,
  author =       "Ran Canetti and
                  Yevgeniy Dodis and
                  Rafael Pass and
                  Shabsi Walfish",
  title =        "Universally Composable Security with Global Setup",
  pages =        "61--85",
  editor =       tcc07ed,
  booktitle =    tcc07name,
  volume =       tcc07vol,
  address =      tcc07addr,
  month =        tcc07month,
  publisher =    tccpub,
  series =       mylncs,
  year =         2007,
  doi =          "10.1007/978-3-540-70936-7_4",
}

@InProceedings{C:CanCohLin15,
  author =       "Ran Canetti and
                  Asaf Cohen and
                  Yehuda Lindell",
  title =        "A Simpler Variant of Universally Composable Security for Standard Multiparty Computation",
  pages =        "3--22",
  editor =       crypto15ed,
  booktitle =    crypto15name2,
  volume =       crypto15vol2,
  address =      cryptoaddr,
  month =        crypto15month,
  publisher =    cryptopub,
  series =       mylncs,
  year =         2015,
  doi =          "10.1007/978-3-662-48000-7_1",
}

@Article{JC:HofSho15,
  author =       "Dennis Hofheinz and
                  Victor Shoup",
  title =        "{GNUC}: {A} New Universal Composability Framework",
  pages =        "423--508",
  volume =       28,
  month =        jul,
  publisher =    springer,
  year =         2015,
  journal =      jcrypto,
  number =       3,
  doi =          "10.1007/s00145-013-9160-y",
}

@inproceedings{DBLP:conf/csfw/Kusters06,
  author    = {Ralf K{\"{u}}sters},
  title     = {Simulation-Based Security with Inexhaustible Interactive Turing Machines},
  booktitle = {19th {IEEE} Computer Security Foundations Workshop, {(CSFW-19} 2006),
               5-7 July 2006, Venice, Italy},
  pages     = {309--320},
  publisher = {{IEEE} Computer Society},
  year      = {2006},
  doi       = {10.1109/CSFW.2006.30}
}

@inproceedings{DBLP:conf/tosca/Maurer11,
  author    = {Ueli Maurer},
  editor    = {Sebastian M{\"{o}}dersheim and
               Catuscia Palamidessi},
  title     = {Constructive Cryptography - {A} New Paradigm for Security Definitions
               and Proofs},
  booktitle = {Theory of Security and Applications - Joint Workshop, {TOSCA} 2011,
               Saarbr{\"{u}}cken, Germany, March 31 - April 1, 2011, Revised
               Selected Papers},
  series    = {Lecture Notes in Computer Science},
  volume    = {6993},
  pages     = {33--56},
  publisher = {Springer},
  year      = {2011},
  doi       = {10.1007/978-3-642-27375-9\_3}
}


@InProceedings{SP:PfiWai01,
  author =       "Birgit Pfitzmann and
                  Michael Waidner",
  title =        "A Model for Asynchronous Reactive Systems and its Application to Secure Message Transmission",
  pages =        "184--200",
  editor =       ieeesp01ed,
  booktitle =    ieeesp01name,
  address =      ieeesp01addr,
  month =        ieeesp01month,
  publisher =    ieeesppub,
  year =         2001,
  doi =          "10.1109/SECPRI.2001.924298",
}

@InProceedings{AC:CKKR19,
  author =       "Jan Camenisch and
                  Stephan Krenn and
                  Ralf K{\"u}sters and
                  Daniel Rausch",
  title =        "{iUC}: Flexible Universal Composability Made Simple",
  pages =        "191--221",
  editor =       asiacrypt19ed,
  booktitle =    asiacrypt19name3,
  volume =       asiacrypt19vol3,
  address =      asiacrypt19addr,
  month =        asiacrypt19month,
  publisher =    asiacryptpub,
  series =       mylncs,
  year =         2019,
  doi =          "10.1007/978-3-030-34618-8_7",
}


@InProceedings{AC:FisLibMan11,
  author =       "Marc Fischlin and
                  Beno{\^i}t Libert and
                  Mark Manulis",
  title =        "Non-interactive and Re-usable Universally Composable String Commitments with Adaptive Security",
  pages =        "468--485",
  editor =       asiacrypt11ed,
  booktitle =    asiacrypt11name,
  volume =       asiacrypt11vol,
  address =      asiacrypt11addr,
  month =        asiacrypt11month,
  publisher =    asiacryptpub,
  series =       mylncs,
  year =         2011,
  doi =          "10.1007/978-3-642-25385-0_25",
}

@InProceedings{ISC:KieMan16b,
  author =       "Franziskus Kiefer and
                  Mark Manulis",
  title =        "Universally Composable Two-Server {PAKE}",
  pages =        "147--166",
  editor =       isc16ed,
  booktitle =    isc16name,
  volume =       isc16vol,
  address =      isc16addr,
  month =        isc16month,
  publisher =    iscpub,
  series =       mylncs,
  year =         2016,
  doi =          "10.1007/978-3-319-45871-7_10",
}

@Misc{EPRINT:LysRos22,
  author =       "Anna Lysyanskaya and
                  Leah Namisa Rosenbloom",
  title =        "Universally Composable Sigma-protocols in the Global Random-Oracle Model",
  year =         2022,
  howpublished = "Cryptology ePrint Archive, Report 2022/290",
  note =         "\url{https://eprint.iacr.org/2022/290}",
}

@InProceedings{PKC:CamDriLeh16,
  author =       "Jan Camenisch and
                  Manu Drijvers and
                  Anja Lehmann",
  title =        "Universally Composable Direct Anonymous Attestation",
  pages =        "234--264",
  editor =       pkc16ed,
  booktitle =    pkc16name2,
  volume =       pkc16vol2,
  address =      pkc16addr,
  month =        pkc16month,
  publisher =    pkcpub,
  series =       mylncs,
  year =         2016,
  doi =          "10.1007/978-3-662-49387-8_10",
}

@InProceedings{SCN:FreHesHof14,
  author =       "Eduarda S. V. Freire and
                  Julia Hesse and
                  Dennis Hofheinz",
  title =        "Universally Composable Non-Interactive Key Exchange",
  pages =        "1--20",
  editor =       scn14ed,
  booktitle =    scn14name,
  volume =       scn14vol,
  address =      scn14addr,
  month =        scn14month,
  publisher =    scnpub,
  series =       mylncs,
  year =         2014,
  doi =          "10.1007/978-3-319-10879-7_1",
}

@InProceedings{STOC:CLOS02,
  author =       "Ran Canetti and
                  Yehuda Lindell and
                  Rafail Ostrovsky and
                  Amit Sahai",
  title =        "Universally composable two-party and multi-party secure computation",
  pages =        "494--503",
  editor =       stoc02ed,
  booktitle =    stoc02name,
  address =      stoc02addr,
  month =        stoc02month,
  publisher =    stocpub,
  year =         2002,
  doi =          "10.1145/509907.509980",
}

@InProceedings{AFRICACRYPT:Baghery19,
  author =       "Karim Baghery",
  title =        "On the Efficiency of Privacy-Preserving Smart Contract Systems",
  pages =        "118--136",
  editor =       africacrypt19ed,
  booktitle =    africacrypt19name,
  volume =       africacrypt19vol,
  address =      africacrypt19addr,
  month =        africacrypt19month,
  publisher =    africacryptpub,
  series =       mylncs,
  year =         2019,
  doi =          "10.1007/978-3-030-23696-0_7",
}

@InProceedings{CANS:BagPinRaf20,
  author =       "Karim Baghery and
                  Zaira Pindado and
                  Carla R{\`a}fols",
  title =        "Simulation Extractable Versions of Groth's zk-{SNARK} Revisited",
  pages =        "453--461",
  editor =       cans20ed,
  booktitle =    cans20name,
  volume =       cans20vol,
  address =      cans20addr,
  month =        cans20month,
  publisher =    canspub,
  series =       mylncs,
  year =         2020,
  doi =          "10.1007/978-3-030-65411-5_22",
}

@inproceedings{DBLP:conf/c2si/IovinoV19,
  author    = {Vincenzo Iovino and
               Ivan Visconti},
  editor    = {Claude Carlet and
               Sylvain Guilley and
               Abderrahmane Nitaj and
               El Mamoun Souidi},
  title     = {Non-interactive Zero Knowledge Proofs in the Random Oracle Model},
  booktitle = {Codes, Cryptology and Information Security - Third International Conference,
               {C2SI} 2019, Rabat, Morocco, April 22-24, 2019, Proceedings - In Honor
               of Said El Hajji},
  series    = {Lecture Notes in Computer Science},
  volume    = {11445},
  pages     = {118--141},
  publisher = {Springer},
  year      = {2019},
  doi       = {10.1007/978-3-030-16458-4\_9}
}

@InProceedings{C:FucHanSla15,
  author =       "Georg Fuchsbauer and
                  Christian Hanser and
                  Daniel Slamanig",
  title =        "Practical Round-Optimal Blind Signatures in the Standard Model",
  pages =        "233--253",
  editor =       crypto15ed,
  booktitle =    crypto15name2,
  volume =       crypto15vol2,
  address =      cryptoaddr,
  month =        crypto15month,
  publisher =    cryptopub,
  series =       mylncs,
  year =         2015,
  doi =          "10.1007/978-3-662-48000-7_12",
}


@Article{GolMicWig91,
  author =       "Oded Goldreich and
                  Silvio Micali and
                  Avi Wigderson",
  title =        "Proofs That Yield Nothing But Their Validity Or All Languages in {NP} Have Zero-Knowledge Proof Systems",
  pages =        "691--729",
  journal =      jacm,
  year =         1991,
  volume =       38,
  number =       3,
  annote =       "Full version of \cite{FOCS:GolMicWig86}",
}


@Article{JC:Schnorr91,
  author =       "Claus-Peter Schnorr",
  title =        "Efficient Signature Generation by Smart Cards",
  pages =        "161--174",
  volume =       4,
  month =        jan,
  publisher =    springer,
  year =         1991,
  journal =      jcrypto,
  number =       3,
  doi =          "10.1007/BF00196725",
}


@article{damgardsigma,
  title =        {On $\Sigma$-protocols},
  author =       {Damgard, Ivan},
  year =         2010,
  note =         "\url{https://www.cs.au.dk/~ivan/Sigma.pdf}",
}


@Misc{EPRINT:Konshe22,
  author =       "Yashvanth Kondi and
                  {abhi} {shelat}",
  title =        "Improved Straight-Line Extraction in the Random Oracle Model With Applications to Signature Aggregation",
  year =         2022,
  howpublished = "Cryptology ePrint Archive, Report 2022/393",
  note =         "\url{https://eprint.iacr.org/2022/393}",
}

@article{DBLP:journals/corr/abs-1907-06381,
  author    = {Eduardo Morais and
               Tommy Koens and
               Cees van Wijk and
               Aleksei Koren},
  title     = {A Survey on Zero Knowledge Range Proofs and Applications},
  volume = {1},
  doi = {10.1007/s42452-019-0989-z},
  number = {8},
  journal = {SN Applied Sciences},
  month = jul,
  year = {2019},
  pages = {946},
}


@InProceedings{C:CamSta97,
  author =       "Jan Camenisch and
                  Markus Stadler",
  title =        "Efficient Group Signature Schemes for Large Groups (Extended Abstract)",
  pages =        "410--424",
  editor =       crypto97ed,
  booktitle =    crypto97name,
  volume =       crypto97vol,
  address =      cryptoaddr,
  month =        crypto97month,
  publisher =    cryptopub,
  series =       mylncs,
  year =         1997,
  doi =          "10.1007/BFb0052252",
}


@InProceedings{SCN:FHKS16,
  author =       "Georg Fuchsbauer and
                  Christian Hanser and
                  Chethan Kamath and
                  Daniel Slamanig",
  title =        "Practical Round-Optimal Blind Signatures in the Standard Model from Weaker Assumptions",
  pages =        "391--408",
  editor =       scn16ed,
  booktitle =    scn16name,
  volume =       scn16vol,
  address =      scn16addr,
  month =        scn16month,
  publisher =    scnpub,
  series =       mylncs,
  year =         2016,
  doi =          "10.1007/978-3-319-44618-9_21",
}


@Misc{EPRINT:BCKL07,
  author =       "Mira Belenkiy and
                  Melissa Chase and
                  Markulf Kohlweiss and
                  Anna Lysyanskaya",
  title =        "Non-Interactive Anonymous Credentials",
  year =         2007,
  howpublished = "Cryptology ePrint Archive, Report 2007/384",
  note =         "\url{https://eprint.iacr.org/2007/384}",
}

@inproceedings{DBLP:conf/ima/IzabacheneLV11,
  author    = {Malika Izabach{\`{e}}ne and
               Beno{\^{\i}}t Libert and
               Damien Vergnaud},
  editor    = {Liqun Chen},
  title     = {Block-Wise P-Signatures and Non-interactive Anonymous Credentials
               with Efficient Attributes},
  booktitle = {Cryptography and Coding - 13th {IMA} International Conference, {IMACC}
               2011, Oxford, UK, December 12-15, 2011. Proceedings},
  series    = {Lecture Notes in Computer Science},
  volume    = {7089},
  pages     = {431--450},
  publisher = {Springer},
  year      = {2011},
  doi       = {10.1007/978-3-642-25516-8\_26}
}


@InProceedings{C:CamLys04,
  author =       "Jan Camenisch and
                  Anna Lysyanskaya",
  title =        "Signature Schemes and Anonymous Credentials from Bilinear Maps",
  pages =        "56--72",
  editor =       crypto04ed,
  booktitle =    crypto04name,
  volume =       crypto04vol,
  address =      cryptoaddr,
  month =        crypto04month,
  publisher =    cryptopub,
  series =       mylncs,
  year =         2004,
  doi =          "10.1007/978-3-540-28628-8_4",
}

@InProceedings{C:CamLys02,
  author =       "Jan Camenisch and
                  Anna Lysyanskaya",
  title =        "Dynamic Accumulators and Application to Efficient Revocation of Anonymous Credentials",
  pages =        "61--76",
  editor =       crypto02ed,
  booktitle =    crypto02name,
  volume =       crypto02vol,
  address =      cryptoaddr,
  month =        crypto02month,
  publisher =    cryptopub,
  series =       mylncs,
  year =         2002,
  doi =          "10.1007/3-540-45708-9_5",
}

@Misc{EPRINT:MSBM22,
  author =       "Omid Mir and
                  Daniel Slamanig and
                  Balthazar Bauer and
                  Ren{\'e} Mayrhofer",
  title =        "Practical Delegatable Anonymous Credentials From Equivalence Class Signatures",
  year =         2022,
  howpublished = "Cryptology ePrint Archive, Report 2022/680",
  note =         "\url{https://eprint.iacr.org/2022/680}",
}

@article{DBLP:journals/cacm/Chaum81,
  author    = {David Chaum},
  title     = {Untraceable Electronic Mail, Return Addresses, and Digital Pseudonyms},
  journal   = {Commun. {ACM}},
  volume    = {24},
  number    = {2},
  pages     = {84--88},
  year      = {1981},
  doi       = {10.1145/358549.358563}
}

@article{DBLP:journals/cacm/Chaum85,
  author    = {David Chaum},
  title     = {Security Without Identification: Transaction Systems to Make Big Brother
               Obsolete},
  journal   = {Commun. {ACM}},
  volume    = {28},
  number    = {10},
  pages     = {1030--1044},
  year      = {1985},
  doi       = {10.1145/4372.4373}
}

@InProceedings{CANS:HabKre19,
  author =       "Ulrich Hab{\"o}ck and
                  Stephan Krenn",
  title =        "Breaking and Fixing Anonymous Credentials for the Cloud",
  pages =        "249--269",
  editor =       cans19ed,
  booktitle =    cans19name,
  volume =       cans19vol,
  address =      cans19addr,
  month =        cans19month,
  publisher =    canspub,
  series =       mylncs,
  year =         2019,
  doi =          "10.1007/978-3-030-31578-8_14",
}

@InProceedings{RSA:CriLys19,
  author =       "Elizabeth C. Crites and
                  Anna Lysyanskaya",
  title =        "Delegatable Anonymous Credentials from Mercurial Signatures",
  pages =        "535--555",
  editor =       rsa19ed,
  booktitle =    rsa19name,
  volume =       rsa19vol,
  address =      rsa19addr,
  month =        rsa19month,
  publisher =    rsapub,
  series =       mylncs,
  year =         2019,
  doi =          "10.1007/978-3-030-12612-4_27",
}

@InProceedings{SAC:CKLMNP15,
  author =       "Jan Camenisch and
                  Stephan Krenn and
                  Anja Lehmann and
                  Gert L. Mikkelsen and
                  Gregory Neven and
                  Michael {\O}. Pedersen",
  title =        "Formal Treatment of Privacy-Enhancing Credential Systems",
  pages =        "3--24",
  editor =       sac15ed,
  booktitle =    sac15name,
  volume =       sac15vol,
  address =      sac15addr,
  month =        sac15month,
  publisher =    sacpub,
  series =       mylncs,
  year =         2016,
  doi =          "10.1007/978-3-319-31301-6_1",
}

@InProceedings{FC:RinVerHoe17,
  author =       "Sietse Ringers and
                  Eric R. Verheul and
                  Jaap-Henk Hoepman",
  title =        "An Efficient Self-blindable Attribute-Based Credential Scheme",
  pages =        "3--20",
  editor =       fc17ed,
  booktitle =    fc17name,
  volume =       fc17vol,
  address =      fc17addr,
  month =        fc17month,
  publisher =    fcpub,
  series =       mylncs,
  year =         2017,
}

@InProceedings{ESORICS:CLNR14,
  author =       "Jan Camenisch and
                  Anja Lehmann and
                  Gregory Neven and
                  Alfredo Rial",
  title =        "Privacy-Preserving Auditing for Attribute-Based Credentials",
  pages =        "109--127",
  editor =       esorics14ed,
  booktitle =    esorics14name2,
  volume =       esorics14vol2,
  address =      esorics14addr,
  month =        esorics14month,
  publisher =    esoricspub,
  series =       mylncs,
  year =         2014,
  doi =          "10.1007/978-3-319-11212-1_7",
}

@InProceedings{CCS:BalLys13,
  author =       "Foteini Baldimtsi and
                  Anna Lysyanskaya",
  title =        "Anonymous credentials light",
  pages =        "1087--1098",
  editor =       ccs13ed,
  booktitle =    ccs13name,
  address =      ccs13addr,
  month =        ccs13month,
  publisher =    ccspub,
  year =         2013,
  doi =          "10.1145/2508859.2516687",
}

@InProceedings{SCN:CamKohSor10,
  author =       "Jan Camenisch and
                  Markulf Kohlweiss and
                  Claudio Soriente",
  title =        "Solving Revocation with Efficient Update of Anonymous Credentials",
  pages =        "454--471",
  editor =       scn10ed,
  booktitle =    scn10name,
  volume =       scn10vol,
  address =      scn10addr,
  month =        scn10month,
  publisher =    scnpub,
  series =       mylncs,
  year =         2010,
  doi =          "10.1007/978-3-642-15317-4_28",
}

@InProceedings{CCS:CamGro08,
  author =       "Jan Camenisch and
                  Thomas Gro{\ss}",
  title =        "Efficient attributes for anonymous credentials",
  pages =        "345--356",
  editor =       ccs08ed,
  booktitle =    ccs08name,
  address =      ccs08addr,
  month =        ccs08month,
  publisher =    ccspub,
  year =         2008,
  doi =          "10.1145/1455770.1455814",
}

@InProceedings{CCS:ChaMeiZav14,
  author =       "Melissa Chase and
                  Sarah Meiklejohn and
                  Greg Zaverucha",
  title =        "Algebraic {MACs} and Keyed-Verification Anonymous Credentials",
  pages =        "1205--1216",
  editor =       ccs14ed,
  booktitle =    ccs14name,
  address =      ccs14addr,
  month =        ccs14month,
  publisher =    ccspub,
  year =         2014,
  doi =          "10.1145/2660267.2660328",
}

@inproceedings{DBLP:conf/pkc/Connolly0P22,
  author    = {Aisling Connolly and
               Pascal Lafourcade and
               Octavio Perez{-}Kempner},
  editor    = {Goichiro Hanaoka and
               Junji Shikata and
               Yohei Watanabe},
  title     = "Improved Constructions of Anonymous Credentials from Structure-Preserving
               Signatures on Equivalence Classes",
  booktitle = {Public-Key Cryptography - {PKC} 2022 - 25th {IACR} International Conference
               on Practice and Theory of Public-Key Cryptography, Virtual Event,
               March 8-11, 2022, Proceedings, Part {I}},
  series    = {Lecture Notes in Computer Science},
  volume    = {13177},
  pages     = {409--438},
  publisher = {Springer},
  year      = {2022},
  doi       = {10.1007/978-3-030-97121-2\_15}
}

@article{bosk2022hidden,
  title={Hidden Issuer Anonymous Credential},
  author={Bosk, Daniel and Frey, Davide and Gestin, Mathieu and Piolle, Guillaume},
  pages={571--607},
  journal   = popets,
  volume    = {2022},
  number    = {4},
  year      = {2022},
  doi       = {10.56553/popets-2022-0123}
}

@InProceedings{CCS:HanSla21,
  author =       "Lucjan Hanzlik and
                  Daniel Slamanig",
  title =        "With a Little Help from My Friends: Constructing Practical Anonymous Credentials",
  pages =        "2004--2023",
  editor =       ccs21ed,
  booktitle =    ccs21name,
  address =      ccs21addr,
  month =        ccs21month,
  publisher =    ccspub,
  year =         2021,
  doi =          "10.1145/3460120.3484582",
}

@InProceedings{SCN:CamLys02,
  author =       "Jan Camenisch and
                  Anna Lysyanskaya",
  title =        "A Signature Scheme with Efficient Protocols",
  pages =        "268--289",
  editor =       scn02ed,
  booktitle =    scn02name,
  volume =       scn02vol,
  address =      scn02addr,
  month =        scn02month,
  publisher =    scnpub,
  series =       mylncs,
  year =         2003,
  doi =          "10.1007/3-540-36413-7_20",
}

@InProceedings{CCS:CamVan02,
  author =       "Jan Camenisch and
                  Els {Van Herreweghen}",
  title =        "Design and Implementation of The Idemix Anonymous Credential System",
  pages =        "21--30",
  editor =       ccs02ed,
  booktitle =    ccs02name,
  address =      ccs02addr,
  month =        ccs02month,
  publisher =    ccspub,
  year =         2002,
  doi =          "10.1145/586110.586114",
}

@phdthesis{brands99,
  author = {Stefan Brands},
  title  = {Rethinking Public Key Infrastructure and Digital Certificates -- Building in Privacy},
  year = {1999},
  school = {Eindhoven Institute of Technology}
}


@misc{paquin2013u-prove,
author = {Paquin, Christian and Zaverucha, Greg},
title = {U-Prove Cryptographic Specification V1.1 (Revision 3)},
year = {2013},
month = {December},
publisher = {Microsoft},
url = {https://www.microsoft.com/en-us/research/publication/u-prove-cryptographic-specification-v1-1-revision-3/},
note = "Released under the Open Specification Promise \url{http://www.microsoft.com/openspecifications/en/us/programs/osp/default.aspx}",
}

@InProceedings{CCS:CamDriDub17,
  author =       "Jan Camenisch and
                  Manu Drijvers and
                  Maria Dubovitskaya",
  title =        "Practical {UC}-Secure Delegatable Credentials with Attributes and Their Application to Blockchain",
  pages =        "683--699",
  editor =       ccs17ed,
  booktitle =    ccs17name,
  address =      ccs17addr,
  month =        ccs17month,
  publisher =    ccspub,
  year =         2017,
  doi =          "10.1145/3133956.3134025",
}


@Article{PoPETS:DMMRSS18,
  author =       "Dominic Deuber and
                  Matteo Maffei and
                  Giulio Malavolta and
                  Max Rabkin and
                  Dominique Schr{\"o}der and
                  Mark Simkin",
  title =        "Functional Credentials",
  pages =        "64--84",
  volume =       2018,
  month =        apr,
  publisher =    degruyter,
  year =         2018,
  journal =      popets,
  number =       2,
  doi =          "10.1515/popets-2018-0013",
}


@misc{DemuynckLiesje2005Auoc,
journal = {CW Reports},
year = {2005},
title = {Anonymous updating of credentials},
author = {Demuynck, Liesje and De Decker, Bart},
howpublished = "CW Reports, Department of Computer Science, K.U.Leuven, Leuven, Belgium",
note =         "\url{http://www.cs.kuleuven.be/publicaties/rapporten/cw/CW430.abs.html}",
}

@inproceedings{DBLP:conf/cms/NaessensDD06,
  author    = {Vincent Naessens and
               Liesje Demuynck and
               Bart De Decker},
  editor    = {Herbert Leitold and
               Evangelos P. Markatos},
  title     = {A Fair Anonymous Submission and Review System},
  booktitle = {Communications and Multimedia Security, 10th {IFIP} {TC-6} {TC-11}
               International Conference, {CMS} 2006, Heraklion, Crete, Greece, October
               19-21, 2006, Proceedings},
  series    = {Lecture Notes in Computer Science},
  volume    = {4237},
  pages     = {43--53},
  publisher = {Springer},
  year      = {2006},
  doi       = {10.1007/11909033\_5}
}

@article{DBLP:journals/tissec/CoullGH11,
  author    = {Scott E. Coull and
               Matthew Green and
               Susan Hohenberger},
  title     = {Access controls for oblivious and anonymous systems},
  journal   = {{ACM} Trans. Inf. Syst. Secur.},
  volume    = {14},
  number    = {1},
  pages     = {10:1--10:28},
  year      = {2011},
  doi       = {10.1145/1952982.1952992}
}


@InProceedings{NDSS:GarGreMie14,
  author =       "Christina Garman and
                  Matthew Green and
                  Ian Miers",
  title =        "Decentralized Anonymous Credentials",
  editor =       ndss14ed,
  booktitle =    ndss14name,
  address =      ndss14addr,
  month =        ndss14month,
  publisher =    ndsspub_v2,
  year =         2014,
}

@InProceedings{CCS:BelRog93,
  author =       "Mihir Bellare and
                  Phillip Rogaway",
  title =        "Random Oracles are Practical: {A} Paradigm for Designing Efficient Protocols",
  pages =        "62--73",
  editor =       ccs93ed,
  booktitle =    ccs93name,
  address =      ccs93addr,
  month =        ccs93month,
  publisher =    ccspub,
  year =         1993,
  doi =          "10.1145/168588.168596",
}

@InProceedings{C:BCCKLS09,
  author =       "Mira Belenkiy and
                  Jan Camenisch and
                  Melissa Chase and
                  Markulf Kohlweiss and
                  Anna Lysyanskaya and
                  Hovav Shacham",
  title =        "Randomizable Proofs and Delegatable Anonymous Credentials",
  pages =        "108--125",
  editor =       crypto09ed,
  booktitle =    crypto09name,
  volume =       crypto09vol,
  address =      cryptoaddr,
  month =        crypto09month,
  publisher =    cryptopub,
  series =       mylncs,
  year =         2009,
  doi =          "10.1007/978-3-642-03356-8_7",
}

@inproceedings{DBLP:conf/scn/HebantP22,
  author    = {Chlo{\'{e}} H{\'{e}}bant and
               David Pointcheval},
  editor    = {Clemente Galdi and
               Stanislaw Jarecki},
  title     = {Traceable Constant-Size Multi-authority Credentials},
  booktitle = {Security and Cryptography for Networks - 13th International Conference,
               {SCN} 2022, Amalfi, Italy, September 12-14, 2022, Proceedings},
  series    = {Lecture Notes in Computer Science},
  volume    = {13409},
  pages     = {411--434},
  publisher = {Springer},
  year      = {2022},
  doi       = {10.1007/978-3-031-14791-3\_18},
}

@InProceedings{C:Chaum82,
  author =       "David Chaum",
  title =        "Blind Signatures for Untraceable Payments",
  pages =        "199--203",
  editor =       crypto82ed,
  booktitle =    crypto82name,
  volume =       crypto82vol,
  address =      cryptoaddr,
  month =        crypto82month,
  publisher =    plenumpress,
  series =       "",
  year =         1982,
}

@InProceedings{EC:FucPloSeu20,
  author =       "Georg Fuchsbauer and
                  Antoine Plouviez and
                  Yannick Seurin",
  title =        "Blind Schnorr Signatures and Signed {ElGamal} Encryption in the Algebraic Group Model",
  pages =        "63--95",
  editor =       eurocrypt20ed,
  booktitle =    eurocrypt20name2,
  volume =       eurocrypt20vol2,
  address =      eurocrypt20addr,
  month =        eurocrypt20month,
  publisher =    eurocryptpub,
  series =       mylncs,
  year =         2020,
  doi =          "10.1007/978-3-030-45724-2_3",
}

@book{DBLP:series/isc/MittelbachF21,
  author    = {Arno Mittelbach and
               Marc Fischlin},
  title     = {The Theory of Hash Functions and Random Oracles - An Approach to Modern
               Cryptography},
  series    = {Information Security and Cryptography},
  publisher = {Springer},
  year      = {2021},
  doi       = {10.1007/978-3-030-63287-8},
  isbn      = {978-3-030-63286-1}
}

@book{DBLP:books/crc/KatzLindell2014,
  author    = {Jonathan Katz and
               Yehuda Lindell},
  title     = {Introduction to Modern Cryptography, Second Edition},
  publisher = {{CRC} Press},
  year      = {2014},
  url       = {https://www.crcpress.com/Introduction-to-Modern-Cryptography-Second-Edition/Katz-Lindell/p/book/9781466570269},
  isbn      = {978-1-466-57026-9}
}

@InProceedings{AC:Wee09,
  author =       "Hoeteck Wee",
  title =        "Zero Knowledge in the Random Oracle Model, Revisited",
  pages =        "417--434",
  editor =       asiacrypt09ed,
  booktitle =    asiacrypt09name,
  volume =       asiacrypt09vol,
  address =      asiacrypt09addr,
  month =        asiacrypt09month,
  publisher =    asiacryptpub,
  series =       mylncs,
  year =         2009,
  doi =          "10.1007/978-3-642-10366-7_25",
}

@misc{zcashcrs22,
  author = {ELECTRIC COIN COMPANY},
  title = {Zcash Parameter Generation},
  year = {2022},
  url = {https://z.cash/technology/paramgen/},
  urldate = {2022-09-19},
}

@InProceedings{FCW:BowGabGre18,
  author =       "Sean Bowe and
                  Ariel Gabizon and
                  Matthew D. Green",
  title =        "A Multi-party Protocol for Constructing the Public Parameters of the Pinocchio zk-{SNARK}",
  pages =        "64--77",
  editor =       fcw18ed,
  booktitle =    fcw18name,
  volume =       fcw18vol,
  address =      fcw18addr,
  month =        fcw18month,
  publisher =    fcwpub,
  series =       mylncs,
  year =         2019,
  doi =          "10.1007/978-3-662-58820-8_5",
}

@InProceedings{SP:BCGTV15,
  author =       "Eli {Ben-Sasson} and
                  Alessandro Chiesa and
                  Matthew Green and
                  Eran Tromer and
                  Madars Virza",
  title =        "Secure Sampling of Public Parameters for Succinct Zero Knowledge Proofs",
  pages =        "287--304",
  editor =       ieeesp15ed,
  booktitle =    ieeesp15name,
  address =      ieeesp15addr,
  month =        ieeesp15month,
  publisher =    ieeesppub,
  year =         2015,
  doi =          "10.1109/SP.2015.25",
}

@InProceedings{EC:CamMic99,
  author =       "Jan Camenisch and
                  Markus Michels",
  title =        "Proving in Zero-Knowledge that a Number Is the Product of Two Safe Primes",
  pages =        "107--122",
  editor =       eurocrypt99ed,
  booktitle =    eurocrypt99name,
  volume =       eurocrypt99vol,
  address =      eurocrypt99addr,
  month =        eurocrypt99month,
  publisher =    eurocryptpub,
  series =       mylncs,
  year =         1999,
  doi =          "10.1007/3-540-48910-X_8",
}

@Misc{EPRINT:CamKreSho11,
  author =       "Jan Camenisch and
                  Stephan Krenn and
                  Victor Shoup",
  title =        "A Framework for Practical Universally Composable Zero-Knowledge Protocols",
  year =         2011,
  howpublished = "Cryptology ePrint Archive, Report 2011/228",
  note =         "\url{https://eprint.iacr.org/2011/228}",
}


@InProceedings{AC:CamKreSho11,
  author =       "Jan Camenisch and
                  Stephan Krenn and
                  Victor Shoup",
  title =        "A Framework for Practical Universally Composable Zero-Knowledge Protocols",
  pages =        "449--467",
  editor =       asiacrypt11ed,
  booktitle =    asiacrypt11name,
  volume =       asiacrypt11vol,
  address =      asiacrypt11addr,
  month =        asiacrypt11month,
  publisher =    asiacryptpub,
  series =       mylncs,
  year =         2011,
  doi =          "10.1007/978-3-642-25385-0_24",
}

@InProceedings{CSF:CLNS17,
  author =       "Jan Camenisch and
                  Anja Lehmann and
                  Gregory Neven and
                  Kai Samelin",
  title =        "{UC}-Secure Non-interactive Public-Key Encryption",
  pages =        "217--233",
  editor =       csf17ed,
  booktitle =    csf17name,
  address =      csf17addr,
  month =        csf17month,
  publisher =    csfpub,
  year =         2017,
  doi =          "10.1109/CSF.2017.14",
}

@inproceedings{DBLP:conf/acsac/BobbaFKGK06,
  author    = {Rakeshbabu Bobba and
               Omid Fatemieh and
               Fariba Khan and
               Carl A. Gunter and
               Himanshu Khurana},
  title     = {Using Attribute-Based Access Control to Enable Attribute-Based Messaging},
  booktitle = {22nd Annual Computer Security Applications Conference {(ACSAC} 2006),
               11-15 December 2006, Miami Beach, Florida, {USA}},
  pages     = {403--413},
  publisher = {{IEEE} Computer Society},
  year      = {2006},
  doi       = {10.1109/ACSAC.2006.53},
}
